3498 5412
809 536 1028 598 ..64-

331 709 449 774 Lucilii
478 713 540 774 iam
571 733 667 793 supra
696 712 801 774 allata.
853 711 940 793 Ergo
970 709 1068 774 rerba
1095 710 1222 774 Lucilio
1252 709 1360 774 danda
1389 720 1421 773 et
1448 730 1506 792 pro

331 819 540 881 altereatione
573 817 691 881 Lucilii
719 839 739 881 a
768 816 894 882 Seneca
925 818 1002 882 ficta
1038 817 1229 901 accipienda
1262 826 1343 882 suut.
1395 817 1448 880 Ita
1481 819 1507 880 si

331 924 476 1004 facimus,
500 928 607 988 statim
632 926 755 989 tollitur
774 924 917 1003 offensio,
942 947 1005 1007 qua
1023 927 1175 989 commoti
1193 927 1290 988 ceteri
1307 930 1506 1007 interpretes,

332 1034 522 1096 sententiam
559 1031 702 1097 Senecae
737 1031 865 1111 dantes,
900 1031 1058 1096 <debet>
1098 1041 1154 1095 aut
1188 1031 1275 1096 duris
1315 1033 1506 1096 coniecturis

332 1138 489 1221 (Lipsius,
514 1136 647 1219 Gruter,
672 1139 822 1222 Madwig‚
846 1138 998 1219 Bartsch,
1023 1138 1205 1223 Baehrens)
1232 1141 1428 1202 sustulerunt
1452 1149 1507 1202 aut

331 1247 595 1328 interpretatione
632 1249 685 1308 vix
723 1245 882 1328 probabili
918 1246 1102 1329 (Forbiger)
1142 1267 1268 1308 serrare
1307 1245 1506 1310 studuerunt.

332 1352 428 1418 (ladit
465 1354 631 1416 altercatio
670 1355 834 1435 aptissime
872 1355 903 1416 in
943 1355 1123 1435 sequentia,
1161 1354 1192 1415 in
1231 1352 1346 1435 quibus
1384 1349 1507 1417 Seneca

332 1459 494 1541 dialogum
527 1459 618 1542 fingit
648 1462 734 1523 inter
762 1459 921 1523 Lucilium
957 1481 995 1522 ao
1028 1481 1061 1523 se
1095 1461 1213 1541 ipsum:
1245 1459 1389 1522 Primum
1423 1462 1507 1523 enim

282 1607 284 1612 ,
332 1549 491 1630 coacescit
515 1567 626 1630 deesse
655 1569 798 1649 vigorem
822 1569 995 1630 oratorium
1020 1566 1157 1630 Fabiani
1187 1569 1337 1648 orationi,
1366 1567 1422 1629 sed
1451 1567 1506 1630 ad-

332 1673 414 1736 didit
437 1684 539 1737 totum
564 1695 679 1757 corpus
704 1695 774 1737 esse
798 1673 977 1740 honestum.
1016 1673 1092 1737 Hoc
1108 1676 1140 1737 in
1159 1682 1345 1755 argumento
1364 1671 1506 1736 Lucilius

332 1802 394 1844 non
425 1783 607 1863 acquiescit.
655 1779 759 1864 Quam
790 1781 830 1844 ob
862 1803 928 1844 rem
958 1802 1075 1845 novum
1103 1790 1327 1862 argumentum
1354 1781 1506 1844 inducere

327 1889 456 1968 cogitur
480 1885 613 1952 Seneca.

419 1996 443 2076 §
461 1994 483 2056 9
507 1994 634 2085 <adfer
658 2016 751 2075 qoem
771 1995 922 2060 Fabiano
940 1994 1047 2077 possis
1065 2015 1317 2077 praeponere..
1335 2043 1341 2058 .
1359 1994 1506 2074 eloquea-

331 2100 507 2165 tissimis>.

420 2207 531 2271 Verba
554 2211 747 2291 συγκρίσεως
771 2231 853 2291 quae
878 2209 1025 2290 leguntur
1049 2207 1088 2272 ab
1113 2208 1240 2272 <adfer
1258 2247 1295 2254 —
1314 2209 1506 2289 eloquentis-

332 2318 450 2379 simis>
474 2315 560 2378 haud
585 2319 651 2379 scio
676 2337 715 2379 an
740 2318 844 2398 aptius
869 2316 1040 2398 quadrent,
1074 2318 1149 2398 quia
1177 2315 1314 2379 Fabiani
1343 2318 1445 2378 oratio
1474 2317 1506 2378 in
1602 2371 1607 2378 .

332 2425 512 2485 universum
538 2423 696 2504 laudatur,
725 2423 766 2485 ad
791 2435 965 2487 extremum
992 2424 1148 2506 epistulae
1171 2422 1276 2504 finem,
1302 2425 1391 2486 cuius
1415 2424 1506 2486 initio

332 2531 475 2610 singulae
489 2532 623 2592 virtutes
640 2532 793 2593 orationis
804 2529 940 2593 Fabiani
954 2530 1190 2612 praedicantur.
1220 2529 1366 2593 Turbant
1379 2521 1505 2611 quidem

331 2639 460 2699 minime
476 2647 669 2702 contextum.
705 2633 810 2718 Quam
827 2639 1098 2719 comparationem
1117 2636 1208 2700 nobis
1225 2640 1339 2700 summi
1354 2639 1504 2700 moment'

332 2765 401 2806 esse
426 2765 506 2823 cuni,
531 2742 608 2825 quid
626 2743 749 2809 Seneca
771 2743 810 2807 de
832 2746 954 2825 magnis
972 2744 1192 2807 Romanorum
1209 2742 1417 2825 scriptoribus
1434 2766 1506 2806 cen-

332 2852 430 2912 suerit
454 2849 659 2930 edoceamur,
693 2853 763 2933 quis
797 2872 859 2914 non
890 2849 1068 2914 concedat?
1121 2849 1186 2916 Sed
1218 2850 1429 2932 reputandum
1460 2861 1507 2914 est

330 2957 456 3038 prolata
481 2955 600 3019 iudicia
624 2957 736 3020 referri
760 2958 862 3022 solum
888 2957 929 3020 ad
955 2978 993 3020 ea
1018 2979 1128 3040 opera,
1153 2979 1235 3040 quae
1259 2967 1507 3038 composuerunt

331 3062 453 3142 Cicero,
479 3063 598 3142 Livius,
624 3063 727 3127 Pollio
753 3063 792 3127 de
817 3065 1029 3147 philosophia.
1067 3064 1117 3127 Ne
1137 3064 1168 3127 id
1195 3065 1324 3147 quidem
1350 3064 1506 3145 neglegas,

331 3170 417 3251 quod
435 3173 511 3251 quia
527 3169 651 3235 Seneca
668 3171 843 3234 Fabianum
861 3175 1026 3252 permagni
1044 3174 1200 3249 aestimat,
1217 3171 1262 3233 illi
1279 3182 1343 3234 tres
1360 3183 1506 3234 auctores

331 3279 385 3360 qui
401 3279 428 3340 ei
444 3277 669 3358 praeferuntur
685 3299 721 3341 eo
737 3277 912 3341 maioribus
928 3277 1076 3340 laudibus
1093 3277 1276 3344 efferuntur.
1313 3278 1505 3360 Priusquam

331 3385 422 3464 plura
447 3385 508 3446 hac
532 3382 572 3447 de
597 3406 638 3461 re,
664 3386 817 3448 nonnulla
840 3386 964 3466 singula
988 3384 1027 3447 de
1050 3384 1236 3466 disputandi
1257 3387 1381 3448 ratione
1398 3385 1459 3448 hac
1474 3388 1505 3447 in

332 3493 571 3572 comparatione
597 3491 753 3573 adhibita,
782 3514 877 3574 quam
907 3494 1034 3573 saepius
1060 3495 1206 3574 usurpari
1230 3512 1249 3554 a
1275 3490 1398 3557 Seneca
1422 3492 1507 3555 velut

332 3601 383 3675 76,
402 3602 441 3660 29
467 3598 612 3661 similiter
636 3597 733 3662 <dic:
761 3600 901 3678 „factum
919 3651 924 3663 .
943 3651 949 3663 .
966 3647 971 3662 .
989 3597 1128 3662 oblivio“
1148 3597 1426 3681 ...respondebit
1451 3598 1507 3662 tibi

335 3707 415 3780 ,ista
433 3754 439 3767 .
458 3757 463 3770 .
481 3755 487 3767 .
505 3708 651 3769 venio“>
676 3715 707 3768 et
731 3705 771 3768 ad
796 3705 1006 3769 diatribarunr
1031 3707 1243 3769 elocutionem
1267 3705 1371 3768 redire
1388 3705 1507 3768 Weber

331 3811 350 3874 l.
362 3810 379 3874 l.
391 3832 420 3893 p.
434 3816 473 3874 23
488 3821 520 3874 et
532 3817 573 3874 45
592 3812 714 3892 decuit,
735 3815 765 3876 in
785 3811 949 3877 Ciceronis
967 3814 1110 3895 epistulis
1128 3811 1220 3876 nobis
1237 3813 1322 3876 idom
1340 3833 1506 3876 occurrere

331 3916 370 3982 R.
390 3918 515 3982 Heinze
539 3941 589 3982 me
615 3919 716 3982 docet.
745 3958 787 3966 -
817 3920 942 4003 cedem]
966 3921 1052 4003 (post
1076 3920 1269 4004 Pollionem)
1294 3931 1342 3982 est
1365 3921 1506 3982 futurum

332 4025 498 4088 cicadam
516 4027 534 4091 l.
549 4032 597 4106 16,
615 4025 699 4090 dabo
715 4028 796 4090 1.22.
814 4065 854 4074 —
872 4027 1141 4109 respondeamus]
1158 4026 1269 4108 „fictae
1287 4027 1506 4107 cogitationis“

331 4132 520 4195 Buecheler.
538 4171 577 4178 -
597 4133 707 4196 cedam
726 4133 780 4196 sed
798 4144 833 4197 ut
848 4133 1072 4220 respondeam]
1091 4137 1172 4198 coni.
1191 4133 1372 4212 Erasmusl,
1394 4133 1505 4196 cedam

332 4250 363 4302 et
392 4239 602 4321 respondeam
631 4239 770 4303 Bartsch
799 4241 817 4306 l.
838 4241 857 4303 l.
879 4262 908 4323 p.
927 4246 1002 4321 283,
1037 4240 1152 4323 quibus
1184 4239 1414 4303 mutationibus
1444 4261 1505 4302 non

332 4367 411 4427 opus
433 4360 490 4408 ⁴est
519 4367 591 4408 uam
616 4357 711 4410 <et>
736 4347 821 4430 apud
846 4345 1002 4412 Senecam
1031 4369 1127 4429 saepe
1157 4347 1274 4410 habere
1300 4368 1426 4410 sensum
1452 4344 1506 4408 ad·

332 4455 524 4516 versatirum
549 4475 644 4535 supra
668 4453 814 4536 vidimuS,
839 4476 876 4516 ea
901 4465 1006 4517 autem
1032 4475 1065 4516 re
1090 4453 1175 4536 quod
1194 4452 1318 4518 Seneca
1339 4462 1507 4535 postquam

331 4562 399 4641 ipse
430 4559 527 4624 verbo
555 4561 731 4625 <cedam>
761 4563 847 4624 solus
880 4561 1001 4643 aliquid
1036 4563 1206 4642 concessit,
1241 4562 1320 4623 elios
1353 4561 1507 4641 imprimis
