3476 5418
718 470 723 503 l

719 546 940 607 ..99-

241 720 395 803 epistulas
418 727 582 801 tractatas,
606 729 642 782 ut
665 718 707 782 ad
731 739 779 802 ep.
797 724 847 800 59,
862 726 897 798 63
924 723 974 801 75,
988 725 1021 798 23
1047 723 1225 802 100,5-7,
1250 721 1419 804 epistulam

241 848 281 890 ex
297 847 427 890 numero
445 827 653 908 epistularum
671 834 852 890 nostrarum
868 834 1048 908 separatam
1065 809 1213 906 mactare,
1229 829 1418 909 praesertim

241 954 312 996 cum
338 933 493 1015 epistulae
517 931 686 1014 dispositio
711 933 881 996 nonnullas
908 931 1116 996 difficultates
1141 931 1308 1014 praebeat,
1337 954 1418 1016 quse

205 1079 208 1084 -
242 1061 305 1104 non
338 1049 472 1122 possunt
501 1038 632 1103 dissolvi
662 1041 723 1102 nisi
752 1039 883 1122 siugulis
911 1038 1056 1122 partibus
1086 1040 1241 1122 epistulae
1269 1049 1418 1104 accurate

241 1147 439 1211 examinatis.
485 1143 608 1210 Summi
631 1147 785 1209 momenti
811 1156 885 1209 sunt
909 1145 1000 1210 nobis
1025 1166 1072 1228 ea,
1098 1167 1180 1229 quae
1206 1145 1356 1210 dicuntur
1378 1146 1418 1210 de

242 1255 345 1316 causis
371 1266 539 1336 corruptae
564 1253 777 1336 eloquentiae,
802 1252 889 1334 quod
912 1250 1078 1335 problema
1101 1255 1134 1316 in
1160 1274 1229 1336 epp.
1248 1258 1321 1334 100,
1347 1258 1418 1335 115,

244 1364 292 1442 15,
313 1364 353 1422 59
382 1360 496 1423 leviter
522 1369 644 1424 tactum
676 1380 761 1423 nunc
794 1361 955 1442 copiosius
989 1362 1159 1442 exponitur
1192 1369 1224 1423 et
1253 1359 1295 1422 ad
1322 1359 1417 1424 finem

240 1466 434 1549 perducitur.
480 1466 555 1531 Non
584 1468 688 1530 minus
718 1467 858 1530 delectat
883 1476 980 1550 atque
1003 1465 1146 1549 expedit,
1175 1466 1261 1549 quod
1285 1468 1418 1549 legimus

241 1572 281 1636 de
296 1575 475 1637 imitatione
491 1573 754 1640 demonstratum.
789 1570 884 1655 Quod
901 1575 1016 1637 attinet
1028 1572 1069 1637 ad
1083 1574 1236 1637 orationis
1250 1584 1418 1656 corruptae

242 1679 490 1763 descriptionem
512 1680 599 1744 haud
624 1683 691 1744 scio
717 1702 757 1745 au
781 1682 971 1762 gravissima
994 1683 1058 1744 sint
1080 1702 1131 1763 ea,
1161 1702 1242 1764 quae
1267 1681 1306 1744 de
1330 1680 1418 1744 Mae-

241 1791 367 1851 cenate¹
386 1797 417 1850 et
429 1788 586 1851 Arruntio
603 1786 765 1853 discimus,
804 1785 921 1851 Cetera
938 1787 1113 1852 efferuntur
1129 1788 1274 1851 similiter
1290 1787 1330 1850 ab
1348 1789 1418 1852 aliis

241 1894 384 1958 eiusdem
409 1896 524 1958 aetatis
549 1893 743 1960 auctoribus.
783 1892 865 1959 (lum
883 1894 1011 1978 plurimi
1027 1894 1095 1958 fere
1112 1895 1183 1976 loci,
1208 1897 1262 1977 qui
1279 1916 1319 1957 ex
1333 1895 1418 1957 illius

241 2003 356 2065 aetatis
390 2001 598 2084 scriptoribus
632 2002 686 2066 scl.
712 1999 837 2066 Seneca
869 2002 1011 2082 rhetore,
1047 1999 1173 2082 Persic,
1211 1999 1418 2083 Quintiliano,

241 2108 364 2190 Tacito,
382 2107 487 2172 Plinio
505 2107 686 2191 deprompti
704 2107 746 2171 ad
763 2110 917 2174 orationis
934 2117 1103 2191 corruptae
1117 2129 1236 2190 genera
1250 2096 1418 2190 pertinent,

241 2217 395 2297 imprimis
416 2235 435 2278 a
455 2213 619 2295 Nordeno,
642 2217 711 2278 viro
733 2214 948 2297 doctissimo',
973 2217 1116 2296 congesti
1141 2215 1328 2296 egregieque
1348 2215 1418 2278 illu-

242 2324 333 2384 strati
358 2323 429 2402 sint,
454 2331 595 2386 nostrum
621 2324 682 2385 erit
705 2323 806 2404 magis
831 2323 1001 2405 epistulam
1024 2324 1127 2404 ipsam
1143 2323 1346 2404 interpretari
1362 2343 1420 2404 per

241 2450 275 2492 se
299 2438 331 2492 et
355 2429 501 2492 conferre
526 2450 597 2492 eum
623 2429 804 2493 Annaecna
828 2428 975 2492 doctriua
998 2430 1150 2492 orationis
1167 2428 1273 2493 adhuc
1290 2438 1419 2495 statuta.

242 2535 323 2601 Cum
348 2537 484 2618 epistula
509 2537 669 2618 completa
693 2538 734 2599 sit
758 2534 1052 2618 comparationibus
1079 2536 1295 2618 exemplisque
1322 2557 1418 2618 saepe

242 2645 371 2725 copiose
405 2642 642 2708 demonstratis·
665 2663 703 2706 ac
736 2644 874 2724 scriptor
906 2643 1067 2706 nonnullis
1100 2643 1179 2706 locis
1209 2641 1250 2705 ad
1278 2642 1340 2706 hoc
1368 2643 1419 2706 vel

240 2749 319 2813 illud
344 2749 456 2813 redeat
480 2759 511 2812 et
534 2750 694 2813 interdum
721 2752 892 2832 praecipue
915 2751 948 2812 iu
974 2751 1110 2832 epistula
1135 2759 1278 2812 extrema
1297 2749 1419 2812 incidat

241 2857 272 2919 iu
296 2856 546 2939 philosophandi
570 2855 835 2920 consuetudinem
863 2854 981 2920 oblitus
1006 2877 1040 2920 se
1065 2855 1125 2920 sibi
1149 2859 1354 2939 proposuisse
1379 2855 1418 2920 de

241 2962 401 3028 rebusad
427 2966 603 3028 orationem
629 2962 847 3047 spectantibus
874 2962 1026 3045 scribere,
1056 2963 1210 3046 epistulae
1239 2962 1317 3026 ordo
1342 2966 1418 3026 arti-

240 3069 369 3134 ficiosus
399 3069 587 3134 cbscuratus
617 3079 674 3134 cst.
722 3069 799 3136 Sine
827 3071 899 3134 ullis
929 3069 1116 3152 ambagibus
1141 3068 1287 3132 ducimur
1310 3073 1419 3133 statim

241 3177 363 3242 medias
387 3180 418 3242 in
444 3199 503 3243 res.
549 3179 717 3262 Epistulae
740 3180 928 3262 propositio,
953 3199 1035 3261 quae
1060 3178 1283 3260 complectitur
1301 3176 1419 3241 Lucilii

240 3287 526 3366 interrogationem
541 3288 573 3348 in
590 3285 728 3367 epistula
744 3283 885 3368 quadam
904 3287 1154 3367 pronuntiatam,
1175 3287 1335 3366 tripertita
1356 3294 1416 3348 est:

242 3392 513 3457 circumscribitur
541 3395 741 3475 propositum
769 3394 935 3475 proprium
963 3411 1093 3475 <qnare
1122 3389 1313 3474 quibusdam
1338 3400 1417 3454 tern-

241 3498 372 3582 pcribus
406 3501 588 3582 provenerit
621 3501 762 3582 corrupti
790 3500 916 3581 generis
947 3500 1081 3562 oratic>
1113 3500 1146 3561 iu
1174 3501 1357 3561 universum
1386 3508 1418 3560 et

241 3607 402 3670 nonnullis
431 3606 584 3689 exemplis
612 3605 825 3688 singularibus
854 3605 887 3690 (ξ
911 3605 953 3690 1).
1000 3605 1166 3669 Tractatio
1194 3606 1265 3686 ipsa
1292 3603 1417 3668 duabus

242 3736 280 3777 ex
304 3712 448 3795 partibus
473 3723 614 3778 constat:

333 3874 341 3904 ¹
359 3871 619 3940 Interpretationem
639 3873 868 3939 fragmentorum,
891 3887 960 3938 quae
979 3872 1080 3923 multas
1099 3887 1266 3939 magnasque
1285 3872 1418 3937 praebent

241 3960 428 4026 difficultates,
447 3962 499 4014 hac
518 3979 551 4014 ex
570 3961 761 4014 dissertatione
781 3961 907 4026 excludo,
929 3960 993 4028 quis
1012 3959 1091 4012 nimis
1110 3960 1221 4013 abducit
1240 3977 1256 4012 a
1274 3960 1417 4027 proposito

241 4054 343 4103 nostro.
382 4049 440 4103 Nisi
460 4051 525 4118 quid
543 4068 587 4103 me
606 4051 748 4118 impediet,
767 4049 892 4119 proximo
906 4053 1030 4118 tempore
1044 4050 1196 4102 accuratius
1208 4049 1243 4101 de
1255 4048 1416 4116 fragmentis

241 4140 418 4207 inquisitione
437 4140 602 4207 dignissimis
620 4140 758 4193 disseram.

332 4229 342 4260 ¹
361 4230 378 4281 l.
393 4230 409 4282 l.
424 4246 449 4296 p.
461 4229 603 4280 277-300
613 4232 663 4281 eto.
674 4229 772 4296 quibus
783 4246 846 4281 cum
854 4229 947 4281 verbis
960 4225 1195 4280 ci.Wilamovitzii
1206 4227 1417 4294 explicationem

241 4318 414 4384 splendidam
435 4317 620 4384 „Asianismus
635 4319 691 4370 und
702 4317 881 4370 Atticismus“
898 4316 1015 4369 Hermes
1028 4316 1062 4368 35
1076 4316 1178 4384 (1900),
1196 4315 1328 4384 imprimis
1348 4333 1417 4383 quae

242 4408 363 4459 ostendit
381 4408 416 4459 de
435 4407 593 4460 notionibus
612 4410 772 4474 <corrupta
791 4407 979 4474 eloquentia>
998 4423 1024 4472 p.
1040 4404 1175 4471 1-t‚at‚
1199 4418 1356 4462 <numerus
1375 4406 1415 4458 in·

241 4495 375 4553 fractus>
394 4496 451 4563 p.3
471 4497 531 4548 adn.
546 4497 576 4561 2,
600 4495 811 4568 <κακόζηλον>
830 4513 856 4564 p.
871 4495 966 4565 assas,
992 4498 1020 4547 et
1043 4494 1168 4559 Norden,
1192 4492 1362 4561 Nachtr'age,
1381 4495 1416 4546 ad

241 4585 379 4653 p.131sq.

1223 4688 1255 4739 7*
