3476 5418
725 543 967 604 -127-

254 717 466 792 adhibuimus,
485 719 580 800 longe
599 718 736 801 plurima
756 717 908 781 debemus
927 714 1134 799 Quintiliano.
1182 715 1246 782 Sed
1272 719 1431 799 miramur,

256 825 342 908 quod
368 823 634 908 Quintilianus
652 845 837 907 nusquam
853 824 970 888 verba
986 846 1006 888 a
1023 823 1170 889 Seneca
1191 824 1235 888 de
1256 827 1431 889 oratione

254 933 360 995 facta
384 933 522 1014 tetigit.
569 930 644 994 Non
673 928 777 995 minus
805 932 911 994 mirati
945 953 1052 995 sumus
1085 933 1288 1014 permultis
1322 933 1432 1005 locis,

257 1061 390 1122 quorum
419 1041 559 1102 maxima
588 1059 662 1121 pars
692 1047 741 1102 est
765 1038 804 1101 de
829 1040 974 1102 oratioue
1003 1048 1162 1121 corrupta,
1192 1061 1254 1103 non
1280 1038 1375 1103 modo
1399 1041 1431 1101 in
1526 1071 1529 1075 ·

256 1145 474 1209 describendis
514 1167 623 1208 verum
666 1148 762 1210 etiam
800 1145 970 1209 reiciendis
1011 1148 1168 1229 corruptis
1211 1147 1432 1210 consentire

257 1251 440 1318 Senecam
475 1274 555 1316 cum
580 1250 861 1335 Quintilian0,1
894 1255 1011 1335 quippe
1045 1255 1100 1335 qui
1128 1263 1228 1316 staret
1256 1252 1295 1316 ab
1321 1253 1432 1316 adver·

257 1363 411 1424 sariorum
429 1369 528 1443 parte.
552 1359 587 1426 Si
605 1363 741 1442 quaeris,
755 1382 811 1424 cur
827 1360 890 1424 duo
908 1375 1054 1423 auctores
1073 1359 1185 1423 eadem
1201 1361 1269 1423 fere
1287 1360 1434 1423 doctrina

257 1476 397 1548 utantur,
413 1469 444 1530 in
464 1468 644 1530 elocutione
661 1477 767 1530 tamen
785 1467 984 1548 dissentiant,
1001 1466 1214 1549 respondeam
1231 1466 1309 1531 duo:
1332 1465 1433 1550 Quin-

257 1575 385 1637 tilianus
394 1583 487 1657 putat
495 1585 688 1656 corruptum,
697 1574 911 1657 quodcunque
921 1595 1048 1637 normas
1059 1572 1287 1638 Ciceronianas
1299 1573 1434 1637 excedit.

259 1679 383 1746 Seneca
399 1680 564 1746 Ciceronis
581 1683 715 1744 virtutes
740 1683 896 1744 oratorias
915 1683 1021 1762 magni
1047 1683 1203 1761 aestimat,
1228 1679 1285 1744 sed
1310 1690 1434 1744 tantum

258 1788 349 1851 abest
375 1798 409 1851 ut
433 1810 505 1851 eum
529 1787 650 1852 iudicet
673 1809 832 1850 summum
848 1788 1181 1870 perfectissimumque
1206 1797 1375 1868 oratorem,
1401 1800 1435 1850 ut

258 1917 330 1960 eum
355 1898 555 1978 superavisse
580 1894 641 1959 sibi
666 1895 821 1960 videatur.
867 1896 920 1959 Ita
949 1894 993 1977 fit,
1017 1904 1052 1957 ut
1080 1894 1167 1977 apud
1192 1894 1348 1960 Senecam
1372 1915 1435 1957 vox

259 2012 441 2085 corruptum
475 2005 635 2085 pertineat
667 2001 708 2066 ad
740 2002 913 2066 immodica
948 2015 979 2065 et
1007 2003 1128 2065 insulsa
1160 2004 1238 2064 vitia
1271 2023 1434 2081 novorum,

259 2131 340 2192 quae
373 2113 545 2192 praecipue
573 2112 606 2172 in
635 2132 682 2191 ep.
707 2113 770 2174 114
797 2109 1027 2191 improbantur.
1076 2107 1149 2192 Quo
1179 2108 1317 2188 accedit,
1348 2108 1434 2191 quod

260 2215 383 2282 Seneca
406 2217 624 2299 multomagis
642 2239 737 2300 quam
755 2215 971 2299 Quintilianus
989 2215 1171 2281 Stoicorum
1192 2225 1259 2280 arte
1275 2217 1436 2280 rhetorica

259 2316 377 2405 nititur,
406 2326 437 2387 in
466 2345 530 2406 qua
560 2326 667 2388 omnia
695 2324 737 2387 ad
766 2345 869 2388 mores
898 2324 1090 2389 referuntur.
1118 2363 1163 2370 —
1189 2324 1327 2387 Iamiam
1357 2345 1434 2386 non·

260 2432 346 2494 nulla
362 2430 406 2494 de
424 2431 659 2512 auctoribus,
676 2453 770 2514 quos
789 2429 934 2496 Seneca
954 2439 1108 2494 secutus
1127 2441 1184 2494 est
1199 2433 1235 2493 in
1254 2431 1434 2512 epistulis

260 2541 403 2602 nostris
438 2537 739 2602 conscribendis.
791 2539 953 2621 Imprimis
989 2535 1155 2618 Stoicos,
1189 2538 1329 2601 secundo
1363 2539 1435 2601 loco

260 2645 493 2727 Epicureum
516 2648 547 2707 in
573 2667 703 2708 censum
718 2648 827 2708 venire
845 2648 921 2708 satis
939 2645 1136 2709 ostendimus
1162 2647 1203 2728 (p.
1222 2646 1285 2730 97).
1326 2644 1435 2708 Relin-

260 2753 380 2833 quitur,
410 2763 444 2814 ut
478 2751 634 2816 addamus
668 2755 847 2835 complures
877 2773 927 2815 res
957 2754 1111 2834 singulas,
1140 2774 1222 2834 quae
1252 2752 1357 2815 adhuc
1381 2761 1437 2815 aut

263 2857 405 2922 nondum
422 2867 478 2922 aut
500 2862 612 2940 paucis
628 2881 686 2941 per
702 2861 904 2923 occasionem
922 2868 1078 2922 tractatae
1103 2868 1184 2924 sunt.
1223 2859 1332 2923 Multis
1357 2861 1435 2922 locis

261 2965 485 3028 difficillimum
510 2987 579 3030 esse
598 2965 784 3044 diiudicare,
809 2976 914 3029 utrum
933 2966 1073 3048 pendeat
1093 2964 1217 3030 Seneca
1241 2965 1281 3029 ab
1306 2975 1436 3029 auctore

262 3074 377 3136 similia
416 3073 600 3155 proferente
634 3094 673 3135 an
713 3072 874 3155 putandus
904 3077 945 3136 sit
983 3094 1137 3155 conexus,
1177 3076 1232 3155 qui
1270 3075 1436 3150 iuvenitur,

260 3201 319 3263 pro
347 3201 381 3242 re
410 3181 495 3243 illius
526 3182 639 3243 aetatis
669 3182 829 3243 communi
858 3202 896 3243 ac
925 3179 1044 3244 tradita
1073 3202 1165 3244 nemo
1197 3180 1335 3263 negabit.
1383 3179 1437 3246 Sic

261 3289 314 3350 vix
337 3286 590 3368 diiudicaverim,
615 3309 688 3350 num
715 3284 838 3351 Seneca
860 3287 1040 3371 Dionysii
1062 3287 1184 3351 libros
1209 3297 1241 3351 et
1265 3290 1436 3350 auctoris

262 3393 305 3457 de
331 3393 571 3457 sublimitate
595 3393 783 3475 libellum,
807 3397 834 3457 si
857 3394 953 3458 modo
971 3397 1184 3477 prioreparte
1204 3397 1297 3478 primi
1318 3396 1436 3458 saeculi

263 3503 459 3582 compositus
480 3510 537 3582 est,
555 3503 739 3583 inspexerit,
759 3523 954 3584 quamquam
975 3511 1101 3565 exstant
1121 3501 1337 3584 compluribus
1357 3503 1437 3564 locis

262 3608 386 3673 similia.
436 3605 569 3672 Callatis
594 3617 701 3671 tamen
726 3611 780 3690 eis,
809 3630 890 3690 quae
920 3618 1072 3672 anostro
1103 3618 1135 3672 et
1159 3630 1178 3671 a
1201 3619 1292 3691 patre
1322 3608 1436 3671 iisdem

264 3713 303 3776 de
319 3713 416 3778 rebus
428 3715 591 3797 disputata
610 3725 692 3798 sunt,
710 3725 842 3779 conatus
863 3737 932 3779 sum
953 3715 1171 3779 demonstrare
1188 3715 1437 3798 --excipienda

263 3831 336 3884 sunt
360 3842 398 3884 ea
422 3843 505 3904 quae
529 3831 663 3905 uterque
687 3822 727 3886 de
743 3821 889 3886 Fabiano
915 3822 993 3887 dicit
1008 3861 1051 3869 —
1068 3845 1131 3887 non
1157 3833 1279 3886 tantum
1300 3824 1437 3885 valuisse

262 3931 384 4010 patris
409 3928 529 3992 libros
553 3929 594 3992 ad
611 3929 719 4011 filium,
736 3939 890 4013 quantum
905 3951 965 4012 per
988 3951 1021 3993 se
1042 3941 1246 4012 exspectatur
1269 3939 1301 3993 et
1325 3950 1437 4011 accep-

264 4044 330 4098 tum
348 4049 397 4098 est
413 4057 432 4098 a
447 4035 697 4100 Preisendanzio
716 4047 748 4100 et
763 4036 933 4118 Rollando,
954 4058 1088 4119 quorum
1106 4039 1187 4100 alter
1203 4039 1270 4100 sine
1288 4027 1439 4099 accurata

262 4143 526 4224 interpretatione
547 4145 741 4225 singularum
761 4147 1026 4208 rerum-conectit
1045 4155 1081 4206 ut
1100 4153 1310 4226 congruentes
1335 4145 1438 4207 locos-

354 4393 364 4423 ¹
383 4391 418 4444 cf.
438 4391 545 4444 Gercke
565 4393 581 4444 l.
597 4394 613 4444 l.
633 4410 659 4460 p.
675 4392 738 4445 136:
760 4391 928 4461 „Quintilian
947 4393 996 4445 hat
1015 4375 1073 4445 sich
1092 4395 1119 4444 in
1139 4411 1159 4444 s.
1176 4391 1300 4446 Urteilen
1319 4391 1439 4445 vielfach

219 4491 220 4495 ’
265 4497 298 4532 an
318 4482 344 4531 d.
365 4481 452 4533 'altem
472 4480 577 4534 Seneca
596 4481 815 4549 angeschlossen,
831 4482 934 4550 jedoch
954 4483 1024 4535 such
1046 4499 1111 4535 vom
1131 4480 1223 4534 Sohne
1242 4482 1371 4534 manches
1391 4499 1437 4548 ge·

264 4573 416 4623 nommen.“
