3476 5418
748 1391 784 1472 C.
816 1391 1048 1472 Conclusio.

399 1551 514 1615 Liceat
537 1561 733 1634 postremum
759 1553 910 1632 colligere
935 1553 1138 1633 quaestiones
1163 1552 1376 1633 gravissimas,
1404 1573 1485 1635 quae

310 1658 401 1723 nobis
419 1666 626 1722 occurrerunt
649 1661 681 1721 in
700 1658 950 1741 interpretando
990 1656 1126 1740 Saepius
1144 1656 1338 1721 offerebatur
1358 1661 1485 1722 occasio

310 1776 458 1830 accurate
492 1765 678 1829 conferendi
706 1767 795 1829 locos
826 1764 995 1847 quosdam,
1025 1767 1080 1847 qui
1108 1767 1211 1847 primo
1241 1773 1374 1847 aspectu
1404 1787 1423 1828 a
1452 1787 1485 1828 se

309 1872 464 1936 dissidere
488 1871 687 1953 videbantur,
712 1881 744 1935 et
768 1893 877 1936 eruere
903 1894 987 1936 num
1012 1872 1086 1936 sibi
1111 1881 1310 1935 constaret
1330 1869 1485 1938 Seneca.

311 1977 375 2044 Sed
409 2001 502 2062 spero
537 2001 587 2042 me
622 1981 699 2043 satis
733 1979 968 2043 demonstrasse
1002 1981 1188 2042 varietatem
1226 1978 1485 2061 discordiamque

310 2089 406 2150 animi
432 2089 580 2168 scriptori
603 2089 656 2150 vix
673 2085 844 2170 opprobrio
866 2086 935 2149 dari
955 2108 1049 2169 posse
1074 2095 1107 2149 et
1125 2088 1261 2149 inveniri
1278 2096 1363 2149 recte
1387 2088 1484 2150 inter·

309 2196 448 2276 pretanti
471 2195 632 2257 rarissime
658 2192 850 2258 offensiones
875 2215 975 2257 veras,
1014 2190 1150 2274 Gercke,
1174 2195 1222 2256 vir
1242 2192 1367 2274 doctus,
1392 2202 1484 2270 errat,

308 2300 341 2362 id
367 2301 452 2383 quod
476 2322 555 2384 pace
581 2303 648 2364 eius
673 2300 792 2364 dictum
818 2303 867 2382 sit,
890 2303 1063 2383 praecipue
1092 2302 1124 2363 in
1158 2321 1195 2364 eo
1220 2299 1307 2382 quod
1332 2300 1484 2383 epistulas

309 2412 351 2470 40
377 2417 409 2471 et
434 2413 497 2471 100
526 2411 670 2490 quamvis
700 2411 764 2471 sint
791 2408 831 2472 de
856 2407 949 2471 rebus
978 2429 1108 2490 prorsus
1141 2406 1348 2470 dissimilibus
1372 2428 1485 2489 parum

310 2523 438 2596 separat
461 2524 493 2578 et
517 2517 594 2578 artis
619 2536 715 2578 voces
740 2515 899 2578 subtiliter
922 2515 1090 2578 distinctas
1115 2517 1407 2596 sententiarumque
1432 2535 1484 2576 co-

310 2644 425 2685 nexum
449 2621 609 2685 interdum
635 2625 727 2686 nimis
752 2623 898 2705 neglegit.
939 2622 983 2686 Ut
1007 2633 1113 2685 autem
1135 2621 1211 2684 mihi
1239 2623 1398 2685 nonlicet
1421 2623 1483 2703 pri-

310 2750 393 2791 mum
416 2728 588 2792 defendere
606 2727 771 2812 Senecam,
795 2731 841 2793 ita
864 2729 958 2793 raldo
982 2729 1107 2812 gaudeo
1131 2728 1329 2792 Americana
1353 2729 1408 2791 illa
1432 2751 1484 2792 ex-

309 2837 468 2918 positione
493 2835 673 2899 confirmari
703 2858 748 2913 ca,
778 2859 859 2919 quae
883 2839 1148 2919 interpretatione
1178 2837 1352 2899 enucleavi.
1376 2874 1420 2882 —
1444 2835 1483 2898 In

309 2942 510 3024 inspicienda
533 2945 806 3025 terminologia
830 2943 999 3009 Senecae
1024 2943 1129 3007 adhuc
1153 2965 1172 3006 a
1192 2945 1266 3006 viris
1288 2942 1390 3006 doctis
1412 2964 1484 3006 nns-

310 3071 406 3131 quam
435 3059 573 3113 tractata
601 3054 742 3134 exceptis
771 3054 941 3134 perpaucis
971 3052 1112 3115 Ernestii
1142 3053 1224 3114 notis
1258 3071 1386 3132 operam
1421 3071 1484 3112 non

308 3157 428 3220 frustra
458 3177 591 3220 navasse
619 3158 697 3221 mihi
721 3157 845 3222 videor:
880 3157 1038 3221 subtiliter
1070 3159 1165 3240 eligit,
1200 3157 1375 3239 distinguit,
1408 3159 1484 3239 quin

311 3266 407 3326 etiam
430 3262 522 3345 fingit
546 3262 671 3328 Seneca
699 3266 776 3328 artis
803 3286 912 3345 roceS,
944 3264 978 3328 id
1007 3265 1094 3347 quod
1128 3286 1165 3329 eo
1195 3267 1295 3347 magis
1324 3266 1484 3345 miramur,

310 3371 396 3453 qnod
426 3391 490 3434 non
519 3381 568 3435 est
594 3374 678 3435 inter
705 3382 853 3436 auctores
883 3372 1061 3436 rhetoricos
1085 3421 1092 3435 .
1116 3372 1236 3436 Verum
1263 3373 1484 3453 cognoscimus

311 3498 372 3541 non
397 3479 523 3541 inutilia
554 3479 652 3542 fuisse
682 3481 748 3542 eius
784 3479 891 3543 studia
919 3480 1108 3544 rhetorica.¹
1134 3479 1344 3542 Perconsenti
1377 3489 1483 3541 autem

310 3586 462 3666 epistulas
487 3595 612 3649 nostras
637 3589 745 3650 statim
773 3586 979 3650 manifestum
1014 3596 1062 3650 est
1090 3588 1190 3649 multa
1219 3585 1377 3650 vocabula
1406 3606 1484 3664 csse,

310 3713 392 3774 quae
420 3694 453 3753 in
479 3690 643 3756 Ciceronis
671 3692 760 3756 libris
789 3693 957 3758 rhetoricis
989 3693 1131 3757 nondum
1155 3695 1312 3774 leguntur.
1359 3693 1484 3774 ltaque,

310 3801 454 3881 quamvis
478 3820 583 3881 pauca
606 3802 670 3862 sint
692 3800 791 3863 rerba
814 3822 833 3864 a
859 3800 983 3865 Seneca
1007 3801 1047 3864 de
1071 3799 1165 3863 rebus
1198 3801 1366 3863 rhetoricis
1391 3799 1484 3879 elata,

310 3907 377 3968 eius
402 3908 479 3968 artis
504 3927 618 3970 vocum
641 3909 724 3970 ratio
749 3907 898 3972 habenda
918 3911 978 3972 erit
1001 3929 1064 3971 non
1082 3910 1197 3990 exigua
1220 3909 1356 3970 innovo
1382 3908 1483 3968 lexico

308 4013 446 4076 technol.
469 4013 549 4076 rhet.
571 4013 641 4077 Lat.
661 4014 898 4096 componendo,
923 4013 1009 4096 quod
1027 4024 1137 4097 utpote
1163 4035 1242 4097 opus
1261 4015 1483 4092 necessarium,

310 4141 386 4182 sanc
415 4141 477 4182 non
506 4120 611 4203 facile,
641 4121 732 4185 nobis
760 4143 836 4185 mox
865 4122 1017 4186 donatum
1046 4123 1085 4185 iri
1117 4142 1290 4204 speramus.
1320 4159 1363 4167 -
1388 4118 1484 4202 Quod

309 4227 424 4288 attinet
447 4226 488 4289 ad
512 4227 659 4291 iudicia
683 4250 779 4310 quae
805 4227 928 4293 Scnea
948 4230 1037 4292 tulit
1058 4228 1102 4291 de
1123 4227 1310 4292 Cicerone
1330 4237 1367 4291 et
1385 4227 1483 4290 anti-

310 4335 393 4414 quis
418 4334 673 4405 Romanorum
698 4336 968 4418 scriptoribus,
992 4339 1045 4398 vix
1068 4336 1198 4399 fuerunt
1222 4345 1288 4398 tam
1311 4335 1429 4398 infesta
1453 4342 1485 4396 et

309 4441 397 4502 acria
413 4461 507 4522 quam
526 4441 656 4505 tradunt
673 4433 796 4524 antiqui
813 4445 914 4506 critici
932 4453 998 4506 eta
1018 4443 1165 4506 litteratis
1183 4441 1364 4506 recentibus
1381 4442 1484 4522 accipi

310 4546 400 4609 solet.
428 4583 472 4594 -—-
495 4548 587 4610 Inter
611 4557 772 4630 auctores,
801 4571 882 4631 quos
913 4549 1093 4614 illustrandi
1123 4571 1221 4613 causa
1254 4567 1483 4632 saepenumero
