3498 5412
824 541 1044 600 „14-

347 717 519 796 incitari,
553 723 588 777 ut
620 715 781 796 litigantes
816 735 942 797 quoque
967 735 986 777 a
1010 735 1155 778 sermone
1178 715 1343 796 incipiant,
1368 712 1409 776 ad
1437 715 1523 776 roci-

348 807 538 885 lerationem
571 830 751 885 transeant:
786 841 879 884 nemo
911 823 1019 885 statim
1048 818 1221 903 Quiritium
1250 819 1345 884 fidem
1374 820 1525 902 implorat

349 949 423 1010 ergo
457 938 619 1011 utcunque
653 927 712 991 tibi
745 930 883 1010 impetos
918 930 1065 1008 suaserit,
1098 926 1195 991 modo
1229 927 1447 990 vehementius
1471 926 1524 989 iac

349 1037 460 1098 vicinis
489 1037 668 1099 convicium
697 1034 794 1098 modo
823 1036 939 1098 lentius
967 1045 1062 1118 prout
1089 1056 1152 1099 rex
1180 1044 1236 1098 tua
1260 1033 1524 1099 hortabitur...

347 1141 495 1230 modesta
520 1163 592 1205 cum
616 1143 752 1224 recipias
772 1142 864 1204 ‘illam
887 1143 1110 1223 revocatisque
1136 1140 1358 1222 descendat,
1384 1161 1447 1204 uon
1469 1139 1523 1202 de-

349 1248 451 1326 oidat3
479 1248 586 1312 media
618 1251 681 1312 oris
710 1251 762 1312 via
790 1248 882 1312 abest
910 1270 969 1312 nec
993 1249 1055 1312 hoc
1080 1247 1212 1311 indocto
1237 1256 1269 1311 et
1292 1249 1411 1312 rustico
1435 1268 1524 1310 more

348 1354 543 1419 desaeviat.
568 1405 574 1419 .
599 1407 605 1421 .
631 1376 693 1418 non
719 1357 803 1419 enim
826 1354 860 1417 id
884 1357 1006 1436 agimus
1031 1363 1067 1416 ut
1090 1365 1277 1418 exerceatur
1300 1375 1375 1436 vox,
1404 1354 1460 1418 sed
1490 1362 1525 1416 ut

303 1517 306 1522 ,
349 1472 537 1526 exerceat>.
565 1461 667 1526 Porro
683 1463 775 1524 huius
791 1463 854 1526 loci
867 1470 916 1525 est
928 1460 1078 1524 cantandi
1092 1462 1222 1524 licentia
1233 1463 1265 1524 in
1276 1460 1523 1544 pronuntiando,
1603 1511 1609 1519 .

349 1591 431 1651 quae
454 1571 487 1633 in
513 1591 560 1651 ep.
578 1573 649 1650 114,
667 1573 683 1632 1
701 1571 734 1631 in
750 1571 835 1632 vitiis
852 1577 1018 1632 numerata
1039 1568 1091 1651 (oi.
1103 1569 1182 1652 net.)
1198 1567 1303 1632 verbis
1320 1569 1523 1650 <explicatio

347 1679 380 1739 in
397 1698 518 1739 morem
536 1677 653 1738 cantici
670 1674 797 1739 ducta>
814 1674 1012 1740 describitur.
1051 1675 1143 1739 Utin
1161 1677 1304 1758 corporis
1322 1683 1411 1738 motu
1428 1695 1524 1756 quae-

349 1803 475 1865 cuuque
497 1783 675 1846 naturalem
697 1781 826 1846 modum
843 1781 1002 1845 excedunt
1015 1781 1246 1864 improbantur,
1262 1785 1309 1845 ita
1322 1784 1410 1845 vocis
1426 1783 1525 1844 nimia

348 1893 482 1952 intentio
509 1901 540 1952 et
564 1888 740 1952 modulatio
765 1927 809 1935 —
832 1888 1005 1970 respondet
1022 1898 1131 1952 nostro
1152 1888 1350 1968 „Recitatir“
1373 1927 1415 1934 —
1435 1909 1523 1952 more

349 1995 610 2078 declamantium,
649 1998 703 2078 qui
738 1995 947 2059 imitabantur
979 1995 1147 2059 modorum
1180 1995 1334 2059 flexiones
1368 1996 1523 2080 (καμπὰς)

348 2104 510 2186 falsasque
538 2103 668 2166 reculas
697 2105 762 2166 iam
787 2101 951 2167 Ciceronis
976 2111 1082 2167 aetate
1106 2105 1138 2166 in
1164 2113 1259 2167 cantu
1283 2105 1417 2165 usitatas
1443 2101 1523 2184 (Oic.

349 2210 388 2273 de
406 2231 449 2275 or.
466 2209 533 2290 ΠΙ,
552 2214 602 2290 25,
620 2214 675 2288 98;
701 2209 739 2272 de
756 2211 815 2292 leg.
832 2209 878 2290 11,
899 2215 946 2290 15,
965 2212 1020 2294 39)
1047 2231 1065 2272 a
1085 2209 1268 2292 philosophi
1290 2211 1443 2273 orationis
1461 2208 1523 2273 fine

347 2337 477 2400 prorsus
496 2317 601 2380 aliena
616 2315 789 2380 iudicatur:
815 2317 888 2380 Vox
908 2317 1092 2399 philosophi
1111 2315 1265 2400 prodesse
1283 2338 1345 2380 non
1363 2316 1523 2381 delectare
1551 2349 1553 2353 ¹
1587 2395 1592 2404 ,

349 2423 452 2504 debet,
477 2423 556 2486 nihil
580 2423 665 2486 aliud
692 2432 740 2487 est
764 2425 824 2487 nisi
844 2425 1099 2503 instrumentum,
1124 2445 1186 2506 quo
1208 2445 1319 2486 sensus
1340 2424 1522 2509 traduntur3

349 2530 388 2593 de
412 2529 517 2593 verbis
541 2529 627 2593 idem
652 2530 864 2594 demonstrari
887 2551 963 2594 mox
986 2529 1173 2594 videbimus.
1212 2529 1300 2613 Apte
1318 2531 1524 2594 conferantur

348 2658 419 2700 cum
439 2635 562 2701 Seneca
586 2637 690 2700 verbis
713 2636 752 2700 de
773 2659 853 2701 voce
876 2639 967 2701 elatis
984 2636 1082 2700 rerba
1098 2640 1198 2720 patris
1216 2648 1315 2702 contr.
1332 2638 1351 2703 l.
1367 2637 1394 2720 1,
1410 2660 1456 2721 pr.
1474 2644 1523 2720 16,

347 2747 452 2826 agitor
481 2744 519 2807 de
549 2743 691 2808 Latrone
719 2744 847 2809 rhetore
875 2745 1039 2827 Hispano,
1073 2766 1166 2826 quem
1201 2745 1320 2808 nullam
1354 2765 1461 2807 curam
1490 2747 1524 2808 in

347 2853 435 2914 vocis
461 2853 723 2914 exercitationem
746 2851 941 2932 impendisse
966 2861 1002 2914 ut
1023 2864 1091 2914 erat
1109 2851 1197 2914 rudis
1215 2853 1348 2933 agrestis
1366 2853 1523 2934 expressis

347 2957 451 3021 verbis
481 2958 674 3021 ostenditur:
707 2961 882 3040 <quamvis
911 2961 1013 3021 inter
1040 2960 1155 3020 initia
1182 2979 1313 3040 parum
1343 2959 1523 3022 attulisse

346 3067 460 3128 virium
484 3064 653 3144 videretur,
676 3067 760 3147 ipsa
785 3068 960 3129 oratione
985 3064 1241 3128 adcrescebat
1260 3115 1266 3128 .
1283 3113 1289 3128 .
1307 3114 1313 3129 .
1331 3075 1522 3148 utcunque

346 3193 405 3235 res
431 3173 586 3253 tulerat,
615 3175 661 3235 ita
689 3175 794 3236 vivere
824 3172 902 3235 nihil
929 3175 1018 3236 vocis
1048 3193 1145 3235 causa
1172 3172 1294 3254 facere,
1326 3193 1388 3235 non
1417 3173 1523 3234 illam

346 3300 412 3359 per
435 3278 574 3361 gradus
598 3281 785 3361 paulatim
810 3279 853 3342 ab
878 3282 951 3342 imo
974 3278 1020 3342 ad
1045 3301 1225 3342 summum
1248 3278 1434 3360 perducere,
1458 3299 1522 3341 non

346 3407 454 3449 rursus
481 3407 664 3449 asumma
689 3388 940 3450 contentione
965 3385 1096 3469 paribus
1119 3385 1294 3448 intervallis
1320 3384 1523 3466 descendere,

291 3489 293 3493 ’
348 3515 411 3557 non
451 3492 599 3556 sudorem
640 3494 789 3556 unctione
829 3493 1002 3574 discutere,
1043 3513 1106 3555 non
1145 3493 1228 3554 latus
1262 3491 1522 3555 ambulatione

345 3621 536 3682 reparare>.
570 3598 643 3683 Qua
658 3601 795 3663 rhetoris
813 3599 1028 3681 descriptione
1047 3621 1120 3661 num
1136 3601 1279 3661 nitantur
1294 3597 1522 3682 (Praisendanz

275 3709 276 3713 ’
346 3708 364 3772 l.
383 3708 401 3772 l.
419 3708 516 3792 pta)
542 3709 642 3770 nostri
666 3706 765 3769 verba
788 3728 885 3788 sopra
910 3708 1032 3786 citata,l
1061 3708 1113 3768 vix
1142 3695 1298 3770 diudicari
1326 3726 1420 3787 posse
1446 3706 1524 3768 mihi

347 3812 474 3896 quidem
509 3812 648 3894 ridetur,
683 3833 757 3875 nam
790 3815 895 3894 agitur
928 3833 989 3874 oon
1020 3813 1122 3875 solum
1152 3811 1192 3875 de
1220 3811 1314 3875 rebus
1344 3833 1425 3894 quae
1455 3814 1522 3876 viro

345 3920 509 3983 rhetorum
527 3917 648 3982 artibus
664 3918 788 3982 imbuto
807 3920 909 4000 qualis
927 3928 976 3982 est
992 3930 1108 3999 noster,
1133 3927 1198 3981 tam
1221 3920 1315 3982 tritae
1337 3928 1369 3982 et
1385 3921 1522 3982 usitatae

347 4036 437 4090 erant
466 4034 502 4088 ut
530 4027 557 4088 si
586 4027 614 4087 ei
643 4024 832 4088 tractandae
865 4034 968 4107 erant,
1002 4046 1064 4088 non
1100 4047 1178 4108 opus
1213 4037 1297 4089 esset
1329 4024 1371 4089 ad
1404 4028 1524 4108 scripta

347 4135 481 4196 alicuius
498 4153 536 4194 ne
552 4133 652 4214 patris
668 4130 798 4213 quidem
813 4131 917 4193 redire
934 4141 965 4194 et
980 4153 1013 4195 se
1030 4133 1208 4215 applicare;
1225 4154 1332 4195 rerum
1352 4143 1524 4196 occurrunt

347 4241 443 4302 etiam
459 4241 492 4301 in
509 4237 711 4300 conferendis
733 4238 864 4318 siugulis
885 4237 1076 4301 offensiones
1098 4261 1123 4302 e.
1140 4261 1168 4319 g.
1186 4240 1226 4302 cf.
1242 4239 1340 4303 rerba
1356 4238 1395 4301 de
1413 4238 1523 4302 ambu-

347 4345 443 4408 lando
460 4344 557 4424 facta,
580 4365 662 4425 quae
679 4343 831 4406 differunt
848 4364 941 4407 seusu
958 4345 1042 4407 inter
1058 4367 1091 4408 se
1108 4346 1217 4427 plane:
1243 4367 1314 4408 cum
1332 4348 1415 4408 enim
1432 4355 1543 4426 pater·

348 4452 435 4515 dicat
459 4449 498 4513 de
523 4453 577 4530 eis,
602 4453 656 4533 qui
680 4452 846 4533 pulmones
872 4451 1113 4515 vehementibus
1139 4451 1331 4515 clamoribus
1352 4452 1523 4515 exhaustos

437 4610 447 4640 ¹
467 4607 543 4676 Quae
562 4609 755 4675 respondeant,
776 4610 925 4677 conspicue
941 4609 1050 4662 reddidi
1069 4610 1149 4663 linea.
