3498 5412
726 506 947 565 ,39-

250 679 460 743 offensionem
483 679 629 761 praebet;
653 681 796 743 tertium:
822 679 959 743 Fabiani
979 681 1169 762 compositio
1190 679 1273 743 falso
1294 678 1426 743 delinita

250 795 298 848 θεῖ
322 807 341 848 a
366 784 500 866 Lucilio,
526 807 599 849 narn
623 785 729 850 fundit
753 789 939 864 orationem,
965 807 1029 850 non
1055 785 1197 850 effundit.
1244 785 1320 849 'Pria
1344 786 1425 849 haee

250 902 438 974 argumenta
465 903 533 956 arte
561 895 645 956 inter
673 914 706 956 se
736 894 918 957 cohaerent.
969 891 1168 976 Separantur
1198 892 1238 957 ab
1268 896 1312 956 eis
1343 914 1425 974 quae

250 1009 427 1082 sequuntur
463 999 568 1063 verbis
603 999 690 1065 <sed
723 1002 768 1063 ita
801 1010 836 1064 ut
867 1003 914 1063 vis
948 1022 1017 1064 esse
1057 999 1270 1081 credamus>,
1296 998 1426 1082 'quibus

249 1104 377 1171 Lucilio
402 1128 435 1170 se
460 1109 607 1170 assentiri
633 1106 757 1172 Seneca
780 1108 921 1190 simulat,
951 1129 1014 1190 quo
1038 1108 1152 1170 melius
1177 1106 1309 1171 inducat
1333 1129 1426 1189 argu-

249 1221 391 1276 mentum
414 1215 541 1295 grarius
566 1213 671 1277 verbis
697 1235 832 1278 <mores
855 1215 909 1277 ille
934 1235 998 1278 non
1020 1213 1119 1278 verba
1144 1217 1368 1296 composuit>,
1391 1212 1425 1276 id

250 1320 335 1401 quod
369 1319 512 1383 Lucilius
547 1323 748 1402 cognovisset
781 1323 807 1384 si
835 1321 972 1384 Fabiani
1006 1341 1086 1404 opus
1116 1341 1178 1384 non
1208 1321 1336 1402 legisset
1368 1341 1426 1383 nec

249 1428 375 1508 singula
390 1429 590 1510 inspexisset,
615 1427 671 1491 sed
688 1449 760 1490 eum
777 1429 937 1491 dicentem
954 1427 1096 1491 audisset
1113 1439 1145 1491 et
1160 1448 1266 1490 rerum
1283 1448 1425 1490 summae

249 1555 283 1597 se
308 1533 459 1597 dedisset.
495 1531 654 1616 Quoniam
681 1545 788 1598 noster
813 1537 981 1598 occasione
1006 1533 1116 1598 oblata
1139 1535 1250 1617 paucis
1275 1533 1426 1596 disseruit

239 1639 289 1724 ,de
314 1643 353 1704 iis
378 1643 433 1722 qui
456 1640 611 1704 iudicium
639 1650 694 1704 aut
722 1642 873 1705 auferunt
901 1652 956 1705 aut
978 1650 1115 1721 merent,
1149 1640 1233 1704 redit
1262 1639 1304 1703 ad
1333 1661 1425 1722 argu-

248 1756 391 1810 mentum
420 1749 557 1830 primurn
586 1770 658 1811 curn
686 1748 766 1812 dicit
790 1751 924 1812 <oratio
950 1749 1087 1812 sollicita
1110 1748 1336 1830 philosophum
1362 1768 1427 1810 non

250 1853 386 1936 decet>,
421 1865 452 1918 et
482 1853 568 1937 quod
597 1877 692 1937 snpra
721 1864 843 1918 tantum
877 1857 1097 1938 pronuntiavit
1127 1875 1211 1918 nuno
1244 1857 1428 1917 accuratius

250 1960 426 2028 confirmat.
474 1961 519 2026 Ut
545 1961 608 2025 hoc
632 1971 853 2044 argumentum
876 1965 980 2045 primo
1005 1961 1191 2044 respondet,
1219 1965 1264 2024 ita
1288 1983 1428 2043 sequens

249 2070 359 2132 tertio:
399 2072 574 2151 respiciens
613 2068 655 2132 ad
694 2069 790 2132 verba
830 2077 862 2132 et
900 2071 1074 2133 sententias
1114 2068 1255 2133 ostendit
1293 2066 1429 2148 Seneca,

250 2177 395 2238 oratione
419 2175 557 2239 Fabiani
586 2196 658 2238 cum
687 2175 781 2238 domo
811 2185 899 2239 recta
924 2185 1110 2259 comparata
1135 2197 1207 2238 eum
1233 2197 1293 2239 non
1320 2177 1428 2258 negle-

248 2289 361 2362 genter
384 2280 440 2344 sed
465 2303 576 2345 secure
601 2284 827 2365 composuisse.
872 2282 1084 2347 Concluditur
1107 2304 1181 2365 pars
1206 2285 1309 2365 prima
1333 2305 1426 2366 argu·

248 2397 357 2451 mento
387 2387 625 2470 quodammodo
655 2409 726 2452 oum
752 2389 852 2453 altero
882 2389 1074 2453 cohaerente
1097 2389 1169 2453 <de
1194 2393 1425 2473 compositione

250 2495 328 2557 nihil
362 2504 532 2578 constat>,
573 2516 654 2577 quae
687 2495 785 2559 rerba
818 2494 942 2559 duobus
979 2498 1220 2579 compositionis
1256 2497 1425 2578 generibus
1476 2525 1480 2532 ·

248 2621 424 2684 eorumque
449 2601 634 2666 auctoribus
659 2604 867 2668 illustrantur.
914 2601 1047 2685 Septem
1071 2625 1109 2666 ex
1134 2607 1328 2685 argumentis
1352 2625 1425 2687 pro-

249 2708 321 2771 latis
359 2709 498 2772 refertur
535 2719 683 2792 quartum
721 2712 821 2791 magis
855 2710 896 2772 ad
930 2713 1036 2792 operis
1074 2709 1211 2773 Fabiani
1250 2713 1425 2792 materiam,

248 2815 372 2897 reliqua
389 2836 524 2898 quorum
541 2817 653 2878 ultima
670 2818 779 2898 primis
797 2816 1002 2898 respondent,
1024 2815 1066 2879 ad
1082 2817 1296 2880 elocutionem
1312 2819 1424 2901 ipsam.

248 2922 286 2984 In
313 2921 456 2985 secunda
479 2923 635 3004 epistulae
658 2931 750 3005 parte
767 2922 800 3009 (ξ
819 2924 920 3007 8-9)
943 2926 1047 3005 agitur
1064 2923 1103 2986 de
1121 2923 1238 2988 decoro
1255 2926 1305 2987 vel
1322 2925 1424 3006 digni-

249 3037 314 3092 tate
339 3050 437 3110 quam
461 3028 643 3092 observavit
664 3029 838 3093 Fabianus.
879 3026 1054 3096 Contendit
1076 3029 1221 3094 Lucilius
1246 3034 1424 3095 orationem

249 3157 317 3198 esse
342 3135 494 3199 humilem
519 3144 551 3199 et
566 3157 678 3219 parum
696 3146 844 3218 erectam,
869 3146 964 3218 negat
981 3135 1112 3218 Seneca,
1137 3141 1243 3220 potius
1264 3160 1333 3202 esse
1353 3160 1424 3202 eam

249 3241 287 3304 ad
318 3251 463 3306 tenorem
488 3245 632 3325 quietum
657 3246 933 3326 compositumque
960 3245 1146 3326 formatam,
1180 3246 1322 3328 planam,
1355 3247 1423 3308 sine

247 3351 355 3430 rigore
373 3351 522 3431 oratorio,
547 3350 723 3413 honestam.
764 3348 888 3433 Quibus
912 3351 1082 3414 virtutibus
1108 3354 1194 3414 nisus
1215 3373 1279 3415 non
1295 3351 1422 3416 dubitat

249 3453 374 3520 Seneca
402 3455 580 3519 Fabianum
611 3478 683 3519 cnm
714 3459 859 3520 maximis
887 3457 1108 3522 Romanorum
1136 3459 1335 3541 philosophis
1369 3461 1424 3540 qui

248 3563 421 3626 utebantur
459 3584 555 3645 prosa
594 3565 739 3627 oratione
778 3585 973 3647 comparare.
1030 3564 1140 3628 Tertia
1175 3564 1313 3648 denique
1349 3586 1423 3647 pars

248 3668 384 3732 debetur
413 3671 528 3732 tertiae
551 3668 669 3733 Lucilii
697 3673 924 3752 vituperationi
954 3693 1036 3753 quae
1063 3681 1112 3734 est
1136 3673 1168 3734 in
1194 3670 1299 3735 verbis
1328 3692 1423 3735 <non

248 3786 297 3839 est
312 3775 405 3840 fortis
423 3775 573 3860 (Fabiani
592 3778 709 3862 oratio)
726 3829 732 3842 .
750 3828 757 3842 .
774 3829 779 3842 .
798 3779 925 3857 exile>3
951 3799 1086 3860 quorum
1103 3777 1272 3842 verborum
1289 3799 1424 3871 censura

248 3883 337 3947 ducit
353 3884 393 3946 ad
411 3885 567 3965 epistulae
576 3878 679 3947 'finem
701 3884 733 3969 (ξ
753 3886 905 3967 11-12),
927 3887 960 3949 in
978 3883 1042 3968 quo
1060 3883 1289 3948 offensionibus
1306 3884 1424 3947 Lucilii

194 3989 197 3996 '
246 3992 373 4053 reiectis
397 3989 534 4054 Fabiani
559 3990 686 4054 dicendi
710 4013 809 4072 genus
834 3991 962 4055 disertis
985 3991 1091 4056 verbis
1116 3991 1319 4074 describitur,
1351 4012 1422 4055 cum

147 4083 152 4092 ¹
247 4099 421 4180 opponitur
449 4118 532 4161 novo
562 4097 690 4162 dicendi
718 4101 825 4181 generi
860 4109 1025 4181 corrupto:
1059 4098 1232 4181 Postponit
1258 4097 1422 4161 Fabianus

245 4203 341 4267 rebus
366 4224 560 4286 magnopere
585 4205 815 4288 eloquentiam3
844 4208 890 4268 ita
917 4205 966 4279 fit,
995 4214 1030 4268 ut
1058 4207 1085 4268 ei
1115 4204 1199 4268 desit
1227 4205 1420 4286 singularum

245 4331 353 4374 rerum
386 4303 552 4393 diligentia
581 4311 620 4375 ab
650 4311 837 4394 aequalibus
869 4311 1046 4376 observata.
1087 4311 1234 4375 Virtutes
1268 4312 1421 4374 or'ationis

245 4417 440 4499 Papirianae
474 4427 560 4499 sunt,
594 4421 711 4482 omissa
738 4422 967 4501 perspicuitate
996 4429 1028 4480 et
1057 4420 1179 4499 ingenti
1212 4421 1279 4482 sine
1312 4417 1420 4480 taedio

246 4526 361 4606 spatio,
384 4526 540 4607 imprimis
563 4527 596 4588 in
621 4528 763 4591 veritate.
