3498 5412
785 509 1103 586 -eo-¹

310 684 360 748 Ex
376 683 525 766 epithetis
543 682 719 747 <honestos
735 687 765 746 et
779 681 1000 766 cooperatrices>
1017 681 1262 766 (ἀξιωματικοὺς
1277 681 1331 744 καὶ
1345 681 1481 762 μεγαλο-

307 791 447 875 πρεπεῖς)
481 799 514 853 et
546 792 695 872 opposita
729 791 857 853 notione
891 791 1112 853 <sententia>
1145 796 1280 870 apparet
1308 786 1349 848 ad
1378 787 1483 868 operis

308 899 475 960 materiam
508 897 621 960 referri
650 897 771 978 primae
801 899 977 960 sententiae
1010 898 1151 977 priorem
1179 904 1311 977 partem.
1364 891 1483 958 Sensus

310 1005 539 1066 sententiarum
558 1012 631 1066 ante
649 1002 785 1066 formam
804 1011 990 1082 tractantur,
1012 1023 1083 1065 cum
1100 1003 1262 1084 graviores
1279 1003 1350 1064 sint.
1375 998 1485 1063 Verba

309 1130 402 1173 <non
482 1109 617 1173 dictos>
634 1112 795 1191 pertinent
811 1109 853 1172 ἃᾶ
869 1109 1015 1188 formam,
1035 1129 1099 1190 que
1116 1111 1256 1191 expressi
1274 1116 1349 1170 sunt
1364 1127 1484 1170 sensus.

310 1216 416 1280 Voces
441 1237 615 1280 <scnsos>
633 1226 664 1279 et
683 1216 907 1280 <scatentic>
931 1218 994 1278 vim
1012 1214 1131 1279 habent
1146 1216 1364 1296 multiplicem,
1388 1235 1485 1296 quem

310 1325 385 1404 quia
422 1345 577 1405 persaepe
615 1321 788 1386 fluctuatur
820 1332 969 1386 accurate
1008 1322 1139 1385 definire
1177 1321 1399 1385 difficillimum
1429 1329 1484 1384 est.

309 1429 408 1492 Haud
442 1433 508 1494 scio
542 1452 581 1493 an
617 1430 767 1513 expediat
794 1429 927 1493 haerere
954 1430 1119 1511 paululum
1151 1431 1184 1492 in
1213 1427 1402 1493 definiendis
1437 1427 1484 1490 his

311 1537 508 1618 notionibus,
538 1558 620 1618 quae
649 1539 680 1599 in
706 1538 850 1618 epistulis
876 1538 992 1608 nostris
1017 1557 1112 1618 saepe
1138 1546 1330 1618 usurpantur
1355 1546 1387 1597 et
1410 1556 1428 1597 a
1453 1531 1484 1599 S.

308 1652 399 1725 patre
445 1641 645 1726 Quintiliano
686 1643 799 1707 Tacito
844 1644 989 1706 similiter
1034 1642 1279 1725 distinguuntur.
1335 1641 1484 1722 Magnam

310 1752 527 1832 exemplorum
556 1760 679 1832 partem
710 1749 813 1814 debeo
844 1753 1095 1830 commentariis,
1124 1771 1203 1832 quas
1228 1751 1486 1830 conscripserunt

310 1859 369 1920 viri
398 1856 484 1920 docti
510 1857 679 1921 Andresen
705 1859 821 1942 (1877)
852 1866 884 1920 et
913 1856 1082 1922 Gudeman
1113 1856 1155 1920 ad
1181 1856 1286 1920 Taciti
1315 1855 1485 1937 dialogum.

311 1961 403 2046 Quae
431 1965 611 2028 intercedat
645 1964 827 2028 differentia
853 1967 937 2027 inter
965 1964 1045 2027 duas
1073 1986 1168 2028 voces
1198 1963 1240 2026 ad
1267 1963 1486 2046 πραγματικὸν

311 2081 343 2134 et
374 2072 514 2135 λεκτικὸν
546 2074 644 2136 τόπον
678 2081 860 2154 spectantes
889 2071 1042 2148 dindimus
1072 2094 1111 2134 ex
1140 2069 1272 2153 Quintil.
1285 2069 1383 2149 VIII,
1405 2074 1434 2150 5,
1453 2075 1484 2133 l:

310 2180 534 2241 <sententiam
550 2189 682 2259 veteres,
704 2178 788 2260 quod
809 2181 914 2242 animo
933 2180 1115 2257 sensissent,
1136 2188 1332 2242 vocaverunt
1349 2178 1486 2259 (γνῶμαι

312 2281 506 2368 Gedanken)
530 2285 564 2347 id
581 2307 653 2348 cum
670 2294 718 2348 est
734 2284 819 2367 apud
837 2295 980 2349 oratores
997 2285 1287 2367 frequentissimum
1306 2293 1373 2347 tum
1390 2286 1485 2346 etiam

310 2392 340 2453 in
372 2411 430 2453 usu
460 2391 622 2455 cotidiano
648 2392 805 2474 quasdam
829 2392 979 2474 reliquias
1006 2392 1103 2454 habet
1204 2390 1261 2454 sed
1288 2389 1486 2454 consuetudo

310 2499 374 2560 iam
399 2499 501 2561 tenuit
525 2509 559 2560 ut
583 2508 689 2562 mente
714 2508 871 2580 concepta
895 2520 1006 2562 sensus
1024 2519 1218 2580 vocaremus,
1242 2499 1363 2561 lumina
1379 2507 1486 2560 autem

310 2606 547 2687 praecipueque
579 2608 611 2668 in
646 2606 796 2670 clausulis
834 2610 940 2689 posita
973 2608 1147 2670 sententias
1181 2607 1221 2671 cf.
1247 2605 1336 2684 XII,
1366 2610 1418 2685 10,
1444 2608 1486 2668 48

311 2721 485 2775 <ceterum
513 2712 573 2776 hoc
603 2713 690 2794 quod
720 2715 813 2794 vulgo
840 2715 1014 2783 sententias
1039 2734 1189 2777 vocamus
1215 2712 1302 2795 quod
1325 2710 1486 2774 veteribus

310 2821 546 2900 praecipueque
564 2816 698 2882 Graecis
722 2821 754 2883 in
781 2842 838 2884 usu
855 2820 925 2901 fuit,
950 2821 1035 2903 apud
1053 2819 1240 2884 Oiceronem
1259 2821 1341 2883 enim
1358 2822 1486 2883 invenio

390 2925 509 2988 feriunt
533 2928 656 2990 animos
760 2929 886 3009 etipsa
914 2927 1070 2991 brevitate
1094 2929 1195 3009 magis
1220 2928 1352 2990 haerent
1377 2937 1408 2990 et
1433 2926 1487 2990 de·

310 3032 483 3094 lectatione
515 3032 750 3114 persuadent>
803 3035 876 3097 Hac
909 3036 940 3097 in
975 3033 1160 3098 definitione
1190 3037 1394 3117 acquiescere
1424 3055 1486 3098 non

311 3158 492 3218 possumus,
531 3141 638 3221 potius
676 3139 921 3222 distinguendae
959 3150 1032 3204 sunt
1066 3141 1200 3204 duarum
1237 3163 1352 3204 vocum
1385 3143 1487 3205 trinae

312 3243 569 3324 significationes.
604 3245 678 3309 Vox
707 3267 834 3325 sensus,
857 3250 986 3330 proprie
1016 3247 1108 3329 Sinn,
1138 3245 1258 3313 Gcfiihl
1278 3279 1322 3302 =
1343 3251 1488 3332 αἴσθησις

312 3350 483 3435 (sparena),
512 3353 596 3416 valet
625 3353 667 3416 ad
695 3375 745 3417 res
776 3375 857 3436 quae
886 3363 1065 3418 tractantur
1092 3357 1255 3437 pertinens
1280 3366 1387 3418 mente
1411 3375 1486 3418 con-

312 3468 405 3538 cepta
435 3455 613 3541 Gedanken
643 3463 787 3542 νοήματα
815 3461 865 3522 vel
893 3464 1014 3544 νοήσεις
1040 3470 1148 3525 nostro
1173 3463 1259 3542 loco,
1288 3483 1337 3543 ep.
1357 3466 1427 3541 108,
1447 3465 1486 3524 10

311 3565 437 3646 (sensus
455 3567 605 3649 nostros),
622 3588 670 3649 ep.
683 3570 763 3648 75,2
782 3569 906 3650 (sensus
925 3588 1078 3631 exornare
1155 3567 1305 3652 abicere),
1323 3589 1371 3649 ep.
1385 3571 1484 3647 114,1

311 3673 437 3753 (sensus
464 3672 602 3736 audaces
631 3671 851 3760 [opponuntur
876 3677 1053 3737 sententiae
1079 3672 1276 3760 abruptae]),
1302 3673 1350 3755 ep'.
1375 3677 1445 3753 114,
1467 3679 1487 3736 8

312 3777 437 3861 (sensus
466 3780 551 3860 miri,
570 3782 691 3862 ,magni
721 3780 849 3861 quidem
879 3801 975 3862 saepe
1002 3780 1057 3843 sed
1083 3781 1252 3864 enervati),
1268 3779 1353 3843 Tac.
1371 3779 1444 3844 dial.
1462 3800 1487 3841 c.

313 3889 363 3965 23,
382 3890 420 3947 21
449 3886 611 3967 (gravitati
633 3888 805 3970 sensuum),
830 3908 856 3950 c.
874 3891 924 3967 31,
943 3891 982 3949 25
1008 3886 1242 3968 (communibus
1260 3885 1405 3950 sensibus
1424 3883 1487 3950 Ge·

312 3990 559 4075 sichtspunkte),
576 4014 600 4057 c.
620 3997 721 4073 32,17
741 3995 965 4076 (paucissimos
983 4014 1093 4056 sensus
1111 3995 1129 4057 i.
1147 4014 1171 4057 e.
1189 3994 1277 4056 locos
1295 4012 1487 4072 communes

313 4099 482 4178 singularis
507 4101 629 4180 species
654 4109 760 4162 mente
785 4099 1040 4183 conceptorum),
1068 4109 1124 4163 aut
1154 4098 1324 4163 verborum
1350 4098 1487 4162 ambitus

313 4203 367 4286 (cf.
385 4202 627 4286 Cicerones,
647 4206 723 4289 162)
744 4228 826 4288 quae
851 4209 897 4270 vis
921 4209 951 4269 in
970 4206 1075 4270 Taciti
1100 4206 1227 4287 dialogo
1251 4204 1487 4288 praeponderat

313 4311 353 4374 cl.
375 4333 400 4373 c.
424 4316 473 4391 20,
498 4317 538 4375 14
567 4312 693 4395 (sensus
718 4314 833 4395 aliquis
858 4324 970 4395 arguta
995 4324 1026 4377 et
1049 4312 1137 4376 brevi
1164 4315 1321 4375 sententia
1347 4312 1487 4396 effulsit),

313 4438 338 4482 c.
356 4422 406 4495 2l,
426 4423 465 4481 18
488 4418 658 4502 (inconditi
678 4422 814 4503 sensus),
839 4426 932 4502 c.22,
951 4425 990 4484 13
1014 4422 1123 4502 (pauci
1140 4441 1251 4484 sensus
1268 4421 1487 4500 terminantur,

313 4523 390 4585 nulli
415 4545 526 4587 sensus
630 4528 891 4609 componuntnr),
921 4549 946 4592 c.
965 4532 1015 4608 23,
1038 4533 1057 4592 3
1084 4527 1192 4610 (tertio
1217 4548 1345 4609 quoque
1369 4526 1487 4610 sensu),
