<?xml version="1.0" encoding="UTF-8"?>
<!DOCTYPE html PUBLIC "-//W3C//DTD XHTML 1.0 Transitional//EN"
    "http://www.w3.org/TR/xhtml1/DTD/xhtml1-transitional.dtd">
<html xmlns="http://www.w3.org/1999/xhtml" xml:lang="en" lang="en">
 <head>
  <title>
</title>
<meta http-equiv="Content-Type" content="text/html;charset=utf-8" />
  <meta name='ocr-system' content='tesseract 3.04.00' />
  <meta name='ocr-capabilities' content='ocr_page ocr_carea ocr_par ocr_line ocrx_word'/>
</head>
<body>
  <div class='ocr_page' id='page_1' title='image "./animadversiones00mlgoog_0102.png"; bbox 0 0 3476 5418; ppageno 0'>
   <div class='ocr_carea' id='block_1_1' title="bbox 728 529 948 589">
    <p class='ocr_par' dir='ltr' id='par_1_1' title="bbox 728 529 948 589">
     <span class='ocr_line' id='line_1_1' title="bbox 728 529 948 589; baseline 0 -17"><span class='ocrx_word' id='word_1_1' title='bbox 728 529 948 589; x_wconf 79' lang='lat'>-97..</span> 
     </span>
    </p>
   </div>
   <div class='ocr_carea' id='block_1_2' title="bbox 251 702 1427 4312">
    <p class='ocr_par' dir='ltr' id='par_1_2' title="bbox 251 702 1427 4312">
     <span class='ocr_line' id='line_1_2' title="bbox 252 702 1427 788; baseline -0.001 -21"><span class='ocrx_word' id='word_1_2' title='bbox 252 702 420 767; x_wconf 88' lang='lat' dir='ltr'>ostendere</span> <span class='ocrx_word' id='word_1_3' title='bbox 444 702 524 766; x_wconf 84' lang='lat' dir='ltr'>velle</span> <span class='ocrx_word' id='word_1_4' title='bbox 549 724 645 785; x_wconf 90' lang='lat' dir='ltr'>quam</span> <span class='ocrx_word' id='word_1_5' title='bbox 670 702 776 767; x_wconf 87' lang='lat' dir='ltr'>dicore</span> <span class='ocrx_word' id='word_1_6' title='bbox 801 704 866 788; x_wconf 82' lang='lat'>(75,</span> <span class='ocrx_word' id='word_1_7' title='bbox 885 703 926 788; x_wconf 72' lang='lat'>2).</span> <span class='ocrx_word' id='word_1_8' title='bbox 974 703 1058 767; x_wconf 83' lang='lat' dir='ltr'>&#39;Pota</span> <span class='ocrx_word' id='word_1_9' title='bbox 1089 703 1158 766; x_wconf 84' lang='lat' dir='ltr'>fere</span> <span class='ocrx_word' id='word_1_10' title='bbox 1182 725 1258 766; x_wconf 90' lang='lat' dir='ltr'>cura</span> <span class='ocrx_word' id='word_1_11' title='bbox 1282 712 1427 768; x_wconf 86' lang='lat' dir='ltr'>versatur</span> 
     </span>
     <span class='ocr_line' id='line_1_3' title="bbox 251 808 1425 892; baseline -0.001 -19"><span class='ocrx_word' id='word_1_12' title='bbox 251 812 282 873; x_wconf 94' lang='lat' dir='ltr'>in</span> <span class='ocrx_word' id='word_1_13' title='bbox 303 830 408 872; x_wconf 91' lang='lat' dir='ltr'>rerum</span> <span class='ocrx_word' id='word_1_14' title='bbox 425 809 654 890; x_wconf 82' lang='lat' dir='ltr'><strong>magnitudine,</strong></span> <span class='ocrx_word' id='word_1_15' title='bbox 670 810 847 891; x_wconf 90' lang='lat' dir='ltr'>honestate,</span> <span class='ocrx_word' id='word_1_16' title='bbox 871 809 1118 892; x_wconf 89' lang='lat' dir='ltr'>magnificentia,</span> <span class='ocrx_word' id='word_1_17' title='bbox 1138 812 1269 892; x_wconf 88' lang='lat' dir='ltr'>impetu.</span> <span class='ocrx_word' id='word_1_18' title='bbox 1311 808 1425 875; x_wconf 83' lang='lat' dir='ltr'>Oratio</span> 
     </span>
     <span class='ocr_line' id='line_1_4' title="bbox 251 915 1426 1000; baseline 0.001 -21"><span class='ocrx_word' id='word_1_19' title='bbox 251 924 381 1000; x_wconf 88' lang='lat' dir='ltr'>putatur</span> <span class='ocrx_word' id='word_1_20' title='bbox 396 937 447 979; x_wconf 89' lang='lat' dir='ltr'>res</span> <span class='ocrx_word' id='word_1_21' title='bbox 465 916 583 999; x_wconf 88' lang='lat' dir='ltr'>pusilla</span> <span class='ocrx_word' id='word_1_22' title='bbox 602 927 658 980; x_wconf 87' lang='lat' dir='ltr'>aut</span> <span class='ocrx_word' id='word_1_23' title='bbox 677 916 797 998; x_wconf 90' lang='lat' dir='ltr'>umbra,</span> <span class='ocrx_word' id='word_1_24' title='bbox 818 937 914 998; x_wconf 87' lang='lat' dir='ltr'>quam</span> <span class='ocrx_word' id='word_1_25' title='bbox 934 915 1143 999; x_wconf 90' lang='lat' dir='ltr'>philosophus</span> <span class='ocrx_word' id='word_1_26' title='bbox 1161 919 1230 979; x_wconf 91' lang='lat' dir='ltr'>sine</span> <span class='ocrx_word' id='word_1_27' title='bbox 1246 917 1310 979; x_wconf 90' lang='lat' dir='ltr'>ulla</span> <span class='ocrx_word' id='word_1_28' title='bbox 1327 937 1426 998; x_wconf 90' lang='lat' dir='ltr'>opera</span> 
     </span>
     <span class='ocr_line' id='line_1_5' title="bbox 252 1015 1425 1106; baseline -0.001 -19"><span class='ocrx_word' id='word_1_29' title='bbox 252 1024 357 1088; x_wconf 90' lang='lat' dir='ltr'>trahit.</span> <span class='ocrx_word' id='word_1_30' title='bbox 402 1022 451 1086; x_wconf 82' lang='lat' dir='ltr'>At</span> <span class='ocrx_word' id='word_1_31' title='bbox 479 1015 617 1087; x_wconf 89' lang='lat' dir='ltr'>demitur</span> <span class='ocrx_word' id='word_1_32' title='bbox 645 1025 828 1105; x_wconf 77' lang='lat' dir='ltr'>eloquentia</span> <span class='ocrx_word' id='word_1_33' title='bbox 858 1045 922 1087; x_wconf 90' lang='lat' dir='ltr'>non</span> <span class='ocrx_word' id='word_1_34' title='bbox 949 1044 1079 1106; x_wconf 90' lang='lat' dir='ltr'>prorsus</span> <span class='ocrx_word' id='word_1_35' title='bbox 1113 1022 1320 1106; x_wconf 90' lang='lat' dir='ltr'>philosopho:</span> <span class='ocrx_word' id='word_1_36' title='bbox 1354 1044 1425 1106; x_wconf 89' lang='lat' dir='ltr'>per-</span> 
     </span>
     <span class='ocr_line' id='line_1_6' title="bbox 251 1130 1427 1214; baseline -0.002 -20"><span class='ocrx_word' id='word_1_37' title='bbox 251 1133 395 1211; x_wconf 89' lang='lat' dir='ltr'>mittitur,</span> <span class='ocrx_word' id='word_1_38' title='bbox 424 1132 450 1193; x_wconf 90' lang='lat' dir='ltr'>si</span> <span class='ocrx_word' id='word_1_39' title='bbox 479 1139 535 1193; x_wconf 90' lang='lat' dir='ltr'>aut</span> <span class='ocrx_word' id='word_1_40' title='bbox 563 1140 677 1214; x_wconf 88' lang='lat' dir='ltr'>parata</span> <span class='ocrx_word' id='word_1_41' title='bbox 706 1139 755 1194; x_wconf 98' lang='grc' dir='ltr'>θεῖ</span> <span class='ocrx_word' id='word_1_42' title='bbox 783 1139 839 1193; x_wconf 89' lang='lat' dir='ltr'>aut</span> <span class='ocrx_word' id='word_1_43' title='bbox 866 1151 965 1212; x_wconf 82' lang='lat' dir='ltr'>parvo</span> <span class='ocrx_word' id='word_1_44' title='bbox 991 1138 1125 1211; x_wconf 87' lang='lat' dir='ltr'>constat,</span> <span class='ocrx_word' id='word_1_45' title='bbox 1157 1130 1334 1194; x_wconf 88' lang='lat' dir='ltr'>sedetiam</span> <span class='ocrx_word' id='word_1_46' title='bbox 1358 1139 1427 1193; x_wconf 90' lang='lat' dir='ltr'>tum</span> 
     </span>
     <span class='ocr_line' id='line_1_7' title="bbox 252 1236 1427 1320; baseline -0.002 -19"><span class='ocrx_word' id='word_1_47' title='bbox 252 1236 435 1301; x_wconf 88' lang='lat' dir='ltr'>adhibenda</span> <span class='ocrx_word' id='word_1_48' title='bbox 458 1246 506 1301; x_wconf 91' lang='lat' dir='ltr'>est</span> <span class='ocrx_word' id='word_1_49' title='bbox 529 1239 583 1312; x_wconf 87' lang='lat' dir='ltr'>ita,</span> <span class='ocrx_word' id='word_1_50' title='bbox 608 1245 643 1301; x_wconf 94' lang='lat' dir='ltr'>ut</span> <span class='ocrx_word' id='word_1_51' title='bbox 666 1258 717 1300; x_wconf 92' lang='lat' dir='ltr'>res</span> <span class='ocrx_word' id='word_1_52' title='bbox 742 1258 804 1301; x_wconf 92' lang='lat' dir='ltr'>non</span> <span class='ocrx_word' id='word_1_53' title='bbox 830 1259 863 1300; x_wconf 93' lang='lat' dir='ltr'>se</span> <span class='ocrx_word' id='word_1_54' title='bbox 888 1236 1045 1301; x_wconf 87' lang='lat' dir='ltr'>ostendat.</span> <span class='ocrx_word' id='word_1_55' title='bbox 1089 1236 1133 1301; x_wconf 90' lang='lat' dir='ltr'>Ut</span> <span class='ocrx_word' id='word_1_56' title='bbox 1149 1239 1252 1300; x_wconf 90' lang='lat' dir='ltr'>oratio</span> <span class='ocrx_word' id='word_1_57' title='bbox 1274 1238 1374 1320; x_wconf 92' lang='lat' dir='ltr'>polita</span> <span class='ocrx_word' id='word_1_58' title='bbox 1394 1245 1427 1300; x_wconf 91' lang='lat' dir='ltr'>et</span> 
     </span>
     <span class='ocr_line' id='line_1_8' title="bbox 252 1342 1425 1426; baseline -0.002 -18"><span class='ocrx_word' id='word_1_59' title='bbox 252 1344 389 1408; x_wconf 88' lang='lat' dir='ltr'>sollicita</span> <span class='ocrx_word' id='word_1_60' title='bbox 405 1345 451 1407; x_wconf 91' lang='lat' dir='ltr'>ita</span> <span class='ocrx_word' id='word_1_61' title='bbox 466 1343 618 1408; x_wconf 91' lang='lat' dir='ltr'>abhorret</span> <span class='ocrx_word' id='word_1_62' title='bbox 634 1343 724 1406; x_wconf 88' lang='lat' dir='ltr'>arida</span> <span class='ocrx_word' id='word_1_63' title='bbox 741 1353 772 1408; x_wconf 89' lang='lat' dir='ltr'>et</span> <span class='ocrx_word' id='word_1_64' title='bbox 789 1344 960 1426; x_wconf 83' lang='lat' dir='ltr'>neglegens</span> <span class='ocrx_word' id='word_1_65' title='bbox 978 1365 996 1406; x_wconf 90' lang='lat' dir='ltr'>a</span> <span class='ocrx_word' id='word_1_66' title='bbox 1013 1342 1136 1407; x_wconf 88' lang='lat' dir='ltr'>duabus</span> <span class='ocrx_word' id='word_1_67' title='bbox 1153 1343 1286 1425; x_wconf 88' lang='lat' dir='ltr'>legibus,</span> <span class='ocrx_word' id='word_1_68' title='bbox 1309 1343 1425 1426; x_wconf 91' lang='lat' dir='ltr'>quibus</span> 
     </span>
     <span class='ocr_line' id='line_1_9' title="bbox 251 1447 1426 1534; baseline -0.003 -19"><span class='ocrx_word' id='word_1_69' title='bbox 251 1453 429 1515; x_wconf 87' lang='lat' dir='ltr'>destinatur</span> <span class='ocrx_word' id='word_1_70' title='bbox 452 1450 558 1514; x_wconf 85' lang='lat' dir='ltr'>forma</span> <span class='ocrx_word' id='word_1_71' title='bbox 581 1451 674 1515; x_wconf 91' lang='lat' dir='ltr'>huius</span> <span class='ocrx_word' id='word_1_72' title='bbox 699 1452 862 1531; x_wconf 86' lang='lat' dir='ltr'>orationis,</span> <span class='ocrx_word' id='word_1_73' title='bbox 889 1471 983 1532; x_wconf 89' lang='lat' dir='ltr'>quam</span> <span class='ocrx_word' id='word_1_74' title='bbox 1009 1447 1111 1515; x_wconf 79' lang='lat' dir='ltr'><strong>Stoici</strong></span> <span class='ocrx_word' id='word_1_75' title='bbox 1142 1472 1269 1534; x_wconf 90' lang='lat' dir='ltr'>quoque</span> <span class='ocrx_word' id='word_1_76' title='bbox 1293 1450 1426 1513; x_wconf 89' lang='lat' dir='ltr'>laudant</span> 
     </span>
     <span class='ocr_line' id='line_1_10' title="bbox 251 1558 1426 1642; baseline -0.002 -20"><span class='ocrx_word' id='word_1_77' title='bbox 251 1569 283 1622; x_wconf 91' lang='lat' dir='ltr'>et</span> <span class='ocrx_word' id='word_1_78' title='bbox 297 1559 495 1642; x_wconf 81' lang='grc' dir='ltr'>κατασκευὴν</span> <span class='ocrx_word' id='word_1_79' title='bbox 512 1567 637 1638; x_wconf 88' lang='lat' dir='ltr'>vocant,</span> <span class='ocrx_word' id='word_1_80' title='bbox 649 1579 723 1620; x_wconf 90' lang='lat' dir='ltr'>nam</span> <span class='ocrx_word' id='word_1_81' title='bbox 737 1559 915 1641; x_wconf 80' lang='grc' dir='ltr'>κατασκευὴ</span> <span class='ocrx_word' id='word_1_82' title='bbox 933 1607 958 1620; x_wconf 94' lang='grc'>..</span> <span class='ocrx_word' id='word_1_83' title='bbox 975 1559 1035 1621; x_wconf 80' lang='grc' dir='ltr'><strong><em>ἐστι</em></strong></span> <span class='ocrx_word' id='word_1_84' title='bbox 1050 1558 1129 1631; x_wconf 75' lang='grc' dir='ltr'><strong><em>λέξις</em></strong></span> <span class='ocrx_word' id='word_1_85' title='bbox 1145 1560 1356 1640; x_wconf 79' lang='grc' dir='ltr'><strong><em>ἐκπεφευγυῖα</em></strong></span> <span class='ocrx_word' id='word_1_86' title='bbox 1371 1558 1426 1621; x_wconf 81' lang='grc' dir='ltr'>τὸν</span> 
     </span>
     <span class='ocr_line' id='line_1_11' title="bbox 252 1663 1424 1750; baseline -0.003 -21"><span class='ocrx_word' id='word_1_87' title='bbox 252 1667 431 1748; x_wconf 81' lang='grc' dir='ltr'><em>ἰδιωτισμόν</em></span> <span class='ocrx_word' id='word_1_88' title='bbox 448 1664 542 1746; x_wconf 92' lang='lat' dir='ltr'>Diog.</span> <span class='ocrx_word' id='word_1_89' title='bbox 559 1663 666 1728; x_wconf 87' lang='lat' dir='ltr'>Laert.</span> <span class='ocrx_word' id='word_1_90' title='bbox 686 1670 712 1744; x_wconf 88' lang='lat'>7,</span> <span class='ocrx_word' id='word_1_91' title='bbox 738 1669 778 1727; x_wconf 87' lang='lat'>59</span> <span class='ocrx_word' id='word_1_92' title='bbox 796 1665 904 1750; x_wconf 89' lang='lat' dir='ltr'>(Diog.</span> <span class='ocrx_word' id='word_1_93' title='bbox 927 1663 1036 1748; x_wconf 81' lang='lat' dir='ltr'>Bab.);</span> <span class='ocrx_word' id='word_1_94' title='bbox 1062 1664 1187 1728; x_wconf 89' lang='lat' dir='ltr'>accedit</span> <span class='ocrx_word' id='word_1_95' title='bbox 1211 1664 1298 1745; x_wconf 91' lang='lat' dir='ltr'>quod</span> <span class='ocrx_word' id='word_1_96' title='bbox 1322 1665 1424 1727; x_wconf 90' lang='lat' dir='ltr'>oratio</span> 
     </span>
     <span class='ocr_line' id='line_1_12' title="bbox 252 1769 1425 1854; baseline -0.003 -19"><span class='ocrx_word' id='word_1_97' title='bbox 252 1773 419 1853; x_wconf 84' lang='lat' dir='ltr'>neglegens</span> <span class='ocrx_word' id='word_1_98' title='bbox 443 1771 663 1853; x_wconf 78' lang='lat' dir='ltr'>magnitudine</span> <span class='ocrx_word' id='word_1_99' title='bbox 686 1770 909 1854; x_wconf 86' lang='lat' dir='ltr'>philosophiae</span> <span class='ocrx_word' id='word_1_100' title='bbox 933 1771 1066 1853; x_wconf 85' lang='lat' dir='ltr'>indigna</span> <span class='ocrx_word' id='word_1_101' title='bbox 1090 1781 1147 1834; x_wconf 81' lang='lat' dir='ltr'>est.</span> <span class='ocrx_word' id='word_1_102' title='bbox 1185 1769 1268 1834; x_wconf 80' lang='lat' dir='ltr'>Turn</span> <span class='ocrx_word' id='word_1_103' title='bbox 1287 1773 1425 1854; x_wconf 89' lang='lat' dir='ltr'>pertinet</span> 
     </span>
     <span class='ocr_line' id='line_1_13' title="bbox 252 1877 1424 1960; baseline -0.002 -18"><span class='ocrx_word' id='word_1_104' title='bbox 252 1879 291 1942; x_wconf 91' lang='lat' dir='ltr'>ad</span> <span class='ocrx_word' id='word_1_105' title='bbox 321 1899 392 1942; x_wconf 88' lang='lat' dir='ltr'>eam</span> <span class='ocrx_word' id='word_1_106' title='bbox 422 1879 534 1943; x_wconf 88' lang='lat' dir='ltr'>eodem</span> <span class='ocrx_word' id='word_1_107' title='bbox 562 1877 669 1950; x_wconf 84' lang='lat' dir='ltr'>modo,</span> <span class='ocrx_word' id='word_1_108' title='bbox 703 1899 766 1960; x_wconf 93' lang='lat' dir='ltr'>quo</span> <span class='ocrx_word' id='word_1_109' title='bbox 795 1878 837 1940; x_wconf 93' lang='lat' dir='ltr'>ad</span> <span class='ocrx_word' id='word_1_110' title='bbox 866 1879 999 1960; x_wconf 88' lang='lat' dir='ltr'>politam</span> <span class='ocrx_word' id='word_1_111' title='bbox 1028 1879 1152 1960; x_wconf 88' lang='lat' dir='ltr'>regula:</span> <span class='ocrx_word' id='word_1_112' title='bbox 1187 1879 1290 1941; x_wconf 86' lang='lat' dir='ltr'>oratio</span> <span class='ocrx_word' id='word_1_113' title='bbox 1319 1878 1424 1940; x_wconf 90' lang='lat' dir='ltr'>cultus</span> 
     </span>
     <span class='ocr_line' id='line_1_14' title="bbox 252 1982 1423 2067; baseline -0.003 -17"><span class='ocrx_word' id='word_1_114' title='bbox 252 1988 347 2050; x_wconf 90' lang='lat' dir='ltr'>animi</span> <span class='ocrx_word' id='word_1_115' title='bbox 378 1995 434 2051; x_wconf 89' lang='lat' dir='ltr'>est.</span> <span class='ocrx_word' id='word_1_116' title='bbox 482 1984 603 2050; x_wconf 77' lang='lat' dir='ltr'>Contra</span> <span class='ocrx_word' id='word_1_117' title='bbox 630 1984 805 2067; x_wconf 82' lang='lat' dir='ltr'>respondet</span> <span class='ocrx_word' id='word_1_118' title='bbox 837 1987 962 2067; x_wconf 88' lang='lat' dir='ltr'>egregie</span> <span class='ocrx_word' id='word_1_119' title='bbox 997 1983 1120 2047; x_wconf 85' lang='lat' dir='ltr'>duabus</span> <span class='ocrx_word' id='word_1_120' title='bbox 1152 1982 1423 2066; x_wconf 87' lang='lat' dir='ltr'>postulationibus</span> 
     </span>
     <span class='ocr_line' id='line_1_15' title="bbox 252 2091 1422 2175; baseline -0.002 -20"><span class='ocrx_word' id='word_1_121' title='bbox 252 2113 330 2175; x_wconf 88' lang='lat' dir='ltr'>quas</span> <span class='ocrx_word' id='word_1_122' title='bbox 347 2091 443 2156; x_wconf 91' lang='lat' dir='ltr'>modo</span> <span class='ocrx_word' id='word_1_123' title='bbox 466 2095 784 2156; x_wconf 81' lang='lat' dir='ltr'>commemoravimus</span> <span class='ocrx_word' id='word_1_124' title='bbox 809 2094 963 2155; x_wconf 88' lang='lat' dir='ltr'>orationis</span> <span class='ocrx_word' id='word_1_125' title='bbox 988 2094 1096 2154; x_wconf 88' lang='lat' dir='ltr'>nativa</span> <span class='ocrx_word' id='word_1_126' title='bbox 1120 2092 1316 2173; x_wconf 80' lang='lat' dir='ltr'>simplicitas,</span> <span class='ocrx_word' id='word_1_127' title='bbox 1341 2111 1422 2171; x_wconf 88' lang='lat' dir='ltr'>quae</span> 
     </span>
     <span class='ocr_line' id='line_1_16' title="bbox 251 2198 1423 2279; baseline -0.002 -17"><span class='ocrx_word' id='word_1_128' title='bbox 251 2199 391 2262; x_wconf 91' lang='lat' dir='ltr'>medium</span> <span class='ocrx_word' id='word_1_129' title='bbox 415 2209 527 2263; x_wconf 91' lang='lat' dir='ltr'>tenens</span> <span class='ocrx_word' id='word_1_130' title='bbox 550 2201 633 2262; x_wconf 89' lang='lat' dir='ltr'>inter</span> <span class='ocrx_word' id='word_1_131' title='bbox 657 2198 814 2262; x_wconf 88' lang='lat' dir='ltr'>abiectam</span> <span class='ocrx_word' id='word_1_132' title='bbox 840 2209 872 2262; x_wconf 89' lang='lat' dir='ltr'>et</span> <span class='ocrx_word' id='word_1_133' title='bbox 892 2208 1079 2262; x_wconf 87' lang='lat' dir='ltr'>exornatam</span> <span class='ocrx_word' id='word_1_134' title='bbox 1102 2200 1278 2263; x_wconf 87' lang='lat' dir='ltr'>orationem</span> <span class='ocrx_word' id='word_1_135' title='bbox 1295 2218 1423 2279; x_wconf 87' lang='lat' dir='ltr'>reprae-</span> 
     </span>
     <span class='ocr_line' id='line_1_17' title="bbox 253 2305 1424 2388; baseline -0.003 -18"><span class='ocrx_word' id='word_1_136' title='bbox 253 2315 395 2370; x_wconf 88' lang='lat' dir='ltr'>sentatur</span> <span class='ocrx_word' id='word_1_137' title='bbox 419 2327 564 2370; x_wconf 86' lang='lat' dir='ltr'>sermone</span> <span class='ocrx_word' id='word_1_138' title='bbox 587 2307 747 2388; x_wconf 79' lang='lat' dir='ltr'>familiari,</span> <span class='ocrx_word' id='word_1_139' title='bbox 771 2327 844 2368; x_wconf 88' lang='lat' dir='ltr'>nam</span> <span class='ocrx_word' id='word_1_140' title='bbox 870 2307 1025 2369; x_wconf 87' lang='lat' dir='ltr'>sermonis</span> <span class='ocrx_word' id='word_1_141' title='bbox 1043 2308 1145 2369; x_wconf 89' lang='lat' dir='ltr'>oratio</span> <span class='ocrx_word' id='word_1_142' title='bbox 1162 2305 1258 2368; x_wconf 79' lang='lat' dir='ltr'>facile</span> <span class='ocrx_word' id='word_1_143' title='bbox 1283 2315 1315 2367; x_wconf 90' lang='lat' dir='ltr'>et</span> <span class='ocrx_word' id='word_1_144' title='bbox 1339 2314 1424 2368; x_wconf 88' lang='lat' dir='ltr'>certe</span> 
     </span>
     <span class='ocr_line' id='line_1_18' title="bbox 251 2410 1426 2495; baseline -0.003 -19"><span class='ocrx_word' id='word_1_145' title='bbox 251 2415 403 2494; x_wconf 79' lang='lat' dir='ltr'>recipitur</span> <span class='ocrx_word' id='word_1_146' title='bbox 425 2413 580 2495; x_wconf 87' lang='lat' dir='ltr'>paulatim</span> <span class='ocrx_word' id='word_1_147' title='bbox 603 2415 725 2477; x_wconf 90' lang='lat' dir='ltr'>intrans</span> <span class='ocrx_word' id='word_1_148' title='bbox 750 2415 782 2476; x_wconf 90' lang='lat' dir='ltr'>in</span> <span class='ocrx_word' id='word_1_149' title='bbox 807 2415 946 2476; x_wconf 88' lang='lat' dir='ltr'>animum</span> <span class='ocrx_word' id='word_1_150' title='bbox 976 2415 1177 2493; x_wconf 86' lang='lat' dir='ltr'>maximeque</span> <span class='ocrx_word' id='word_1_151' title='bbox 1206 2420 1283 2494; x_wconf 89' lang='lat' dir='ltr'>apta</span> <span class='ocrx_word' id='word_1_152' title='bbox 1310 2422 1360 2475; x_wconf 89' lang='lat' dir='ltr'>est</span> <span class='ocrx_word' id='word_1_153' title='bbox 1383 2410 1426 2474; x_wconf 87' lang='lat' dir='ltr'>ad</span> 
     </span>
     <span class='ocr_line' id='line_1_19' title="bbox 253 2518 1426 2603; baseline -0.002 -21"><span class='ocrx_word' id='word_1_154' title='bbox 253 2521 390 2582; x_wconf 90' lang='lat' dir='ltr'>animum</span> <span class='ocrx_word' id='word_1_155' title='bbox 415 2518 651 2582; x_wconf 89' lang='lat' dir='ltr'>emendandum</span> <span class='ocrx_word' id='word_1_156' title='bbox 675 2521 738 2603; x_wconf 88' lang='lat' dir='ltr'>(ep.</span> <span class='ocrx_word' id='word_1_157' title='bbox 755 2525 805 2598; x_wconf 88' lang='lat'>38,</span> <span class='ocrx_word' id='word_1_158' title='bbox 834 2524 849 2581; x_wconf 91' lang='lat'>1</span> <span class='ocrx_word' id='word_1_159' title='bbox 875 2530 934 2582; x_wconf 91' lang='lat' dir='ltr'>etc.</span> <span class='ocrx_word' id='word_1_160' title='bbox 959 2518 998 2583; x_wconf 85' lang='lat' dir='ltr'>cl.</span> <span class='ocrx_word' id='word_1_161' title='bbox 1022 2541 1071 2600; x_wconf 89' lang='lat' dir='ltr'>cp.</span> <span class='ocrx_word' id='word_1_162' title='bbox 1096 2523 1125 2598; x_wconf 90' lang='lat'>6,</span> <span class='ocrx_word' id='word_1_163' title='bbox 1147 2524 1165 2580; x_wconf 78' lang='grc' dir='ltr'>ὅ</span> <span class='ocrx_word' id='word_1_164' title='bbox 1191 2518 1293 2600; x_wconf 91' lang='lat' dir='ltr'>&lt;plus</span> <span class='ocrx_word' id='word_1_165' title='bbox 1317 2526 1426 2580; x_wconf 89' lang='lat' dir='ltr'>tamen</span> 
     </span>
     <span class='ocr_line' id='line_1_20' title="bbox 252 2623 1426 2710; baseline -0.003 -21"><span class='ocrx_word' id='word_1_166' title='bbox 252 2625 310 2689; x_wconf 94' lang='lat' dir='ltr'>tibi</span> <span class='ocrx_word' id='word_1_167' title='bbox 339 2637 370 2689; x_wconf 92' lang='lat' dir='ltr'>et</span> <span class='ocrx_word' id='word_1_168' title='bbox 398 2628 470 2688; x_wconf 86' lang='lat' dir='ltr'>viva</span> <span class='ocrx_word' id='word_1_169' title='bbox 499 2647 560 2690; x_wconf 86' lang='lat' dir='ltr'>vox</span> <span class='ocrx_word' id='word_1_170' title='bbox 591 2636 621 2689; x_wconf 89' lang='lat' dir='ltr'>et</span> <span class='ocrx_word' id='word_1_171' title='bbox 650 2629 814 2690; x_wconf 83' lang='lat' dir='ltr'>convictus</span> <span class='ocrx_word' id='word_1_172' title='bbox 845 2647 942 2709; x_wconf 90' lang='lat' dir='ltr'>quam</span> <span class='ocrx_word' id='word_1_173' title='bbox 972 2628 1075 2689; x_wconf 87' lang='lat' dir='ltr'>oratio</span> <span class='ocrx_word' id='word_1_174' title='bbox 1099 2625 1297 2710; x_wconf 89' lang='lat' dir='ltr'>proderit&gt;).</span> <span class='ocrx_word' id='word_1_175' title='bbox 1345 2623 1426 2690; x_wconf 83' lang='lat' dir='ltr'>Cum</span> 
     </span>
     <span class='ocr_line' id='line_1_21' title="bbox 252 2729 1425 2816; baseline -0.003 -20"><span class='ocrx_word' id='word_1_176' title='bbox 252 2755 354 2798; x_wconf 87' lang='lat' dir='ltr'>sermo</span> <span class='ocrx_word' id='word_1_177' title='bbox 380 2735 421 2798; x_wconf 90' lang='lat' dir='ltr'>sit</span> <span class='ocrx_word' id='word_1_178' title='bbox 443 2732 654 2814; x_wconf 80' lang='lat' dir='ltr'>illaboratus,</span> <span class='ocrx_word' id='word_1_179' title='bbox 670 2735 813 2816; x_wconf 85' lang='lat' dir='ltr'>simplex,</span> <span class='ocrx_word' id='word_1_180' title='bbox 841 2753 971 2796; x_wconf 87' lang='lat' dir='ltr'>securus</span> <span class='ocrx_word' id='word_1_181' title='bbox 999 2731 1144 2815; x_wconf 88' lang='lat' dir='ltr'>liberque</span> <span class='ocrx_word' id='word_1_182' title='bbox 1168 2753 1187 2794; x_wconf 91' lang='lat' dir='ltr'>a</span> <span class='ocrx_word' id='word_1_183' title='bbox 1211 2729 1425 2794; x_wconf 90' lang='lat' dir='ltr'>sollicitudine</span> 
     </span>
     <span class='ocr_line' id='line_1_22' title="bbox 251 2839 1426 2923; baseline -0.001 -21"><span class='ocrx_word' id='word_1_184' title='bbox 251 2840 364 2922; x_wconf 89' lang='lat' dir='ltr'>putida</span> <span class='ocrx_word' id='word_1_185' title='bbox 396 2861 435 2903; x_wconf 88' lang='lat' dir='ltr'>ac</span> <span class='ocrx_word' id='word_1_186' title='bbox 464 2841 665 2923; x_wconf 81' lang='lat' dir='ltr'>neglegentia</span> <span class='ocrx_word' id='word_1_187' title='bbox 696 2839 858 2920; x_wconf 88' lang='lat' dir='ltr'>indecora,</span> <span class='ocrx_word' id='word_1_188' title='bbox 893 2841 990 2903; x_wconf 90' lang='lat' dir='ltr'>animi</span> <span class='ocrx_word' id='word_1_189' title='bbox 1019 2859 1130 2902; x_wconf 89' lang='lat' dir='ltr'>sensus</span> <span class='ocrx_word' id='word_1_190' title='bbox 1164 2841 1268 2921; x_wconf 90' lang='lat' dir='ltr'>aperit</span> <span class='ocrx_word' id='word_1_191' title='bbox 1295 2843 1426 2918; x_wconf 83' lang='lat' dir='ltr'>integre.</span> 
     </span>
     <span class='ocr_line' id='line_1_23' title="bbox 253 2944 1426 3029; baseline -0.004 -17"><span class='ocrx_word' id='word_1_192' title='bbox 253 2944 396 3029; x_wconf 85' lang='lat' dir='ltr'>Simplex</span> <span class='ocrx_word' id='word_1_193' title='bbox 426 2955 531 3010; x_wconf 85' lang='lat' dir='ltr'>autem</span> <span class='ocrx_word' id='word_1_194' title='bbox 561 2949 663 3010; x_wconf 89' lang='lat' dir='ltr'>oratio</span> <span class='ocrx_word' id='word_1_195' title='bbox 691 2947 814 3010; x_wconf 87' lang='lat' dir='ltr'>indicat</span> <span class='ocrx_word' id='word_1_196' title='bbox 843 2949 984 3010; x_wconf 88' lang='lat' dir='ltr'>animum</span> <span class='ocrx_word' id='word_1_197' title='bbox 1013 2967 1083 3009; x_wconf 88' lang='lat' dir='ltr'>esso</span> <span class='ocrx_word' id='word_1_198' title='bbox 1110 2966 1213 3027; x_wconf 90' lang='lat' dir='ltr'>neque</span> <span class='ocrx_word' id='word_1_199' title='bbox 1242 2944 1426 3008; x_wconf 79' lang='lat' dir='ltr'>affectatum</span> 
     </span>
     <span class='ocr_line' id='line_1_24' title="bbox 253 3051 1425 3136; baseline -0.003 -19"><span class='ocrx_word' id='word_1_200' title='bbox 253 3075 353 3136; x_wconf 91' lang='lat' dir='ltr'>neque</span> <span class='ocrx_word' id='word_1_201' title='bbox 370 3054 493 3136; x_wconf 89' lang='lat' dir='ltr'>pusillis</span> <span class='ocrx_word' id='word_1_202' title='bbox 509 3053 697 3118; x_wconf 80' lang='lat' dir='ltr'>inanibusve</span> <span class='ocrx_word' id='word_1_203' title='bbox 713 3053 807 3118; x_wconf 87' lang='lat' dir='ltr'>rebus</span> <span class='ocrx_word' id='word_1_204' title='bbox 824 3053 977 3118; x_wconf 90' lang='lat' dir='ltr'>deditum.</span> <span class='ocrx_word' id='word_1_205' title='bbox 1005 3051 1133 3116; x_wconf 89' lang='lat' dir='ltr'>Deinde</span> <span class='ocrx_word' id='word_1_206' title='bbox 1145 3051 1243 3116; x_wconf 88' lang='lat' dir='ltr'>habet</span> <span class='ocrx_word' id='word_1_207' title='bbox 1256 3060 1425 3116; x_wconf 89' lang='lat' dir='ltr'>consuetu·</span> 
     </span>
     <span class='ocr_line' id='line_1_25' title="bbox 252 3159 1425 3243; baseline -0.001 -21"><span class='ocrx_word' id='word_1_208' title='bbox 252 3159 334 3224; x_wconf 90' lang='lat' dir='ltr'>dinis</span> <span class='ocrx_word' id='word_1_209' title='bbox 348 3161 451 3225; x_wconf 89' lang='lat' dir='ltr'>oratio</span> <span class='ocrx_word' id='word_1_210' title='bbox 464 3161 576 3239; x_wconf 92' lang='lat' dir='ltr'>lucem,</span> <span class='ocrx_word' id='word_1_211' title='bbox 593 3182 690 3243; x_wconf 91' lang='lat' dir='ltr'>quam</span> <span class='ocrx_word' id='word_1_212' title='bbox 705 3164 737 3224; x_wconf 91' lang='lat' dir='ltr'>in</span> <span class='ocrx_word' id='word_1_213' title='bbox 748 3160 885 3224; x_wconf 83' lang='lat' dir='ltr'>Fabiani</span> <span class='ocrx_word' id='word_1_214' title='bbox 902 3181 998 3242; x_wconf 89' lang='lat' dir='ltr'>opere</span> <span class='ocrx_word' id='word_1_215' title='bbox 1014 3159 1179 3223; x_wconf 88' lang='lat' dir='ltr'>laudatam</span> <span class='ocrx_word' id='word_1_216' title='bbox 1192 3180 1262 3222; x_wconf 88' lang='lat' dir='ltr'>esse</span> <span class='ocrx_word' id='word_1_217' title='bbox 1276 3161 1425 3240; x_wconf 83' lang='lat' dir='ltr'>cognovi-</span> 
     </span>
     <span class='ocr_line' id='line_1_26' title="bbox 252 3264 1426 3349; baseline -0.003 -19"><span class='ocrx_word' id='word_1_218' title='bbox 252 3288 329 3332; x_wconf 91' lang='lat' dir='ltr'>mus.</span> <span class='ocrx_word' id='word_1_219' title='bbox 377 3265 474 3349; x_wconf 81' lang='lat' dir='ltr'>Quod</span> <span class='ocrx_word' id='word_1_220' title='bbox 502 3270 617 3330; x_wconf 90' lang='lat' dir='ltr'>attinet</span> <span class='ocrx_word' id='word_1_221' title='bbox 645 3268 686 3332; x_wconf 89' lang='lat' dir='ltr'>ad</span> <span class='ocrx_word' id='word_1_222' title='bbox 710 3267 879 3331; x_wconf 83' lang='lat' dir='ltr'>verborum</span> <span class='ocrx_word' id='word_1_223' title='bbox 904 3267 1064 3330; x_wconf 90' lang='lat' dir='ltr'>delectum</span> <span class='ocrx_word' id='word_1_224' title='bbox 1096 3266 1283 3348; x_wconf 90' lang='lat' dir='ltr'>simpliciter</span> <span class='ocrx_word' id='word_1_225' title='bbox 1307 3264 1426 3328; x_wconf 89' lang='lat' dir='ltr'>dicenti</span> 
     </span>
     <span class='ocr_line' id='line_1_27' title="bbox 253 3370 1427 3456; baseline -0.002 -20"><span class='ocrx_word' id='word_1_226' title='bbox 253 3373 364 3436; x_wconf 88' lang='lat' dir='ltr'>eadam</span> <span class='ocrx_word' id='word_1_227' title='bbox 384 3375 454 3437; x_wconf 88' lang='lat' dir='ltr'>laus</span> <span class='ocrx_word' id='word_1_228' title='bbox 474 3373 644 3438; x_wconf 91' lang='lat' dir='ltr'>tribuenda</span> <span class='ocrx_word' id='word_1_229' title='bbox 664 3385 712 3438; x_wconf 90' lang='lat' dir='ltr'>est</span> <span class='ocrx_word' id='word_1_230' title='bbox 732 3395 813 3456; x_wconf 88' lang='lat' dir='ltr'>qnae</span> <span class='ocrx_word' id='word_1_231' title='bbox 829 3373 984 3454; x_wconf 81' lang='lat' dir='ltr'>Fabiano,</span> <span class='ocrx_word' id='word_1_232' title='bbox 1010 3372 1185 3436; x_wconf 91' lang='lat' dir='ltr'>cumidem</span> <span class='ocrx_word' id='word_1_233' title='bbox 1205 3382 1311 3435; x_wconf 89' lang='lat' dir='ltr'>sumat</span> <span class='ocrx_word' id='word_1_234' title='bbox 1330 3370 1427 3434; x_wconf 83' lang='lat' dir='ltr'>verba</span> 
     </span>
     <span class='ocr_line' id='line_1_28' title="bbox 253 3479 1426 3564; baseline -0.001 -22"><span class='ocrx_word' id='word_1_235' title='bbox 253 3479 425 3546; x_wconf 90' lang='lat' dir='ltr'>demedio.</span> <span class='ocrx_word' id='word_1_236' title='bbox 464 3480 495 3544; x_wconf 91' lang='lat' dir='ltr'>N</span> <span class='ocrx_word' id='word_1_237' title='bbox 498 3503 515 3542; x_wconf 92' lang='lat' dir='ltr'>e</span> <span class='ocrx_word' id='word_1_238' title='bbox 533 3483 722 3564; x_wconf 85' lang='lat' dir='ltr'>compositio</span> <span class='ocrx_word' id='word_1_239' title='bbox 740 3482 868 3564; x_wconf 89' lang='lat' dir='ltr'>quidem</span> <span class='ocrx_word' id='word_1_240' title='bbox 886 3481 966 3562; x_wconf 82' lang='lat' dir='ltr'>fusa,</span> <span class='ocrx_word' id='word_1_241' title='bbox 990 3502 1072 3562; x_wconf 85' lang='lat' dir='ltr'>quae</span> <span class='ocrx_word' id='word_1_242' title='bbox 1089 3492 1221 3563; x_wconf 90' lang='lat' dir='ltr'>propter</span> <span class='ocrx_word' id='word_1_243' title='bbox 1236 3479 1426 3542; x_wconf 79' lang='lat' dir='ltr'>facilitatem</span> 
     </span>
     <span class='ocr_line' id='line_1_29' title="bbox 252 3584 1427 3669; baseline -0.003 -19"><span class='ocrx_word' id='word_1_244' title='bbox 252 3597 283 3650; x_wconf 90' lang='lat' dir='ltr'>et</span> <span class='ocrx_word' id='word_1_245' title='bbox 307 3589 432 3669; x_wconf 91' lang='lat' dir='ltr'>copiam</span> <span class='ocrx_word' id='word_1_246' title='bbox 453 3586 600 3651; x_wconf 88' lang='lat' dir='ltr'>laudibus</span> <span class='ocrx_word' id='word_1_247' title='bbox 619 3587 757 3669; x_wconf 83' lang='lat' dir='ltr'>effertur,</span> <span class='ocrx_word' id='word_1_248' title='bbox 782 3589 886 3650; x_wconf 86' lang='lat' dir='ltr'>aliena</span> <span class='ocrx_word' id='word_1_249' title='bbox 906 3595 955 3651; x_wconf 88' lang='lat' dir='ltr'>est</span> <span class='ocrx_word' id='word_1_250' title='bbox 971 3609 990 3650; x_wconf 89' lang='lat' dir='ltr'>a</span> <span class='ocrx_word' id='word_1_251' title='bbox 1009 3607 1163 3653; x_wconf 88' lang='lat' dir='ltr'>sermone.</span> <span class='ocrx_word' id='word_1_252' title='bbox 1204 3586 1306 3650; x_wconf 85' lang='lat' dir='ltr'>Plana</span> <span class='ocrx_word' id='word_1_253' title='bbox 1330 3593 1362 3648; x_wconf 88' lang='lat' dir='ltr'>et</span> <span class='ocrx_word' id='word_1_254' title='bbox 1385 3584 1427 3648; x_wconf 91' lang='lat' dir='ltr'>ad</span> 
     </span>
     <span class='ocr_line' id='line_1_30' title="bbox 252 3692 1426 3777; baseline -0.001 -20"><span class='ocrx_word' id='word_1_255' title='bbox 252 3703 394 3757; x_wconf 89' lang='lat' dir='ltr'>tenorem</span> <span class='ocrx_word' id='word_1_256' title='bbox 425 3697 568 3776; x_wconf 92' lang='lat' dir='ltr'>quietum</span> <span class='ocrx_word' id='word_1_257' title='bbox 597 3694 842 3777; x_wconf 90' lang='lat' dir='ltr'>ordinatumque</span> <span class='ocrx_word' id='word_1_258' title='bbox 867 3695 1006 3758; x_wconf 88' lang='lat' dir='ltr'>formata</span> <span class='ocrx_word' id='word_1_259' title='bbox 1035 3702 1084 3757; x_wconf 88' lang='lat' dir='ltr'>est</span> <span class='ocrx_word' id='word_1_260' title='bbox 1106 3692 1289 3756; x_wconf 90' lang='lat' dir='ltr'>huiusmodi</span> <span class='ocrx_word' id='word_1_261' title='bbox 1314 3693 1426 3756; x_wconf 87' lang='lat' dir='ltr'>oratio.</span> 
     </span>
     <span class='ocr_line' id='line_1_31' title="bbox 252 3798 1426 3883; baseline -0.001 -20"><span class='ocrx_word' id='word_1_262' title='bbox 252 3799 353 3864; x_wconf 88' lang='lat' dir='ltr'>Porro</span> <span class='ocrx_word' id='word_1_263' title='bbox 365 3800 484 3864; x_wconf 90' lang='lat' dir='ltr'>cadunt</span> <span class='ocrx_word' id='word_1_264' title='bbox 495 3811 568 3883; x_wconf 89' lang='lat' dir='ltr'>apte</span> <span class='ocrx_word' id='word_1_265' title='bbox 578 3804 610 3863; x_wconf 91' lang='lat' dir='ltr'>in</span> <span class='ocrx_word' id='word_1_266' title='bbox 622 3803 801 3883; x_wconf 86' lang='lat' dir='ltr'>imaginem,</span> <span class='ocrx_word' id='word_1_267' title='bbox 817 3823 914 3882; x_wconf 89' lang='lat' dir='ltr'>quam</span> <span class='ocrx_word' id='word_1_268' title='bbox 930 3801 1131 3881; x_wconf 84' lang='lat' dir='ltr'>depinximus</span> <span class='ocrx_word' id='word_1_269' title='bbox 1147 3799 1207 3862; x_wconf 92' lang='lat' dir='ltr'>hac</span> <span class='ocrx_word' id='word_1_270' title='bbox 1221 3798 1426 3876; x_wconf 86' lang='lat' dir='ltr'>decretione,</span> 
     </span>
     <span class='ocr_line' id='line_1_32' title="bbox 251 3903 1426 3990; baseline -0.003 -21"><span class='ocrx_word' id='word_1_271' title='bbox 251 3908 477 3972; x_wconf 88' lang='lat' dir='ltr'>translationes</span> <span class='ocrx_word' id='word_1_272' title='bbox 501 3907 707 3990; x_wconf 90' lang='lat' dir='ltr'>intellegendi</span> <span class='ocrx_word' id='word_1_273' title='bbox 732 3929 794 3971; x_wconf 91' lang='lat' dir='ltr'>non</span> <span class='ocrx_word' id='word_1_274' title='bbox 820 3906 955 3971; x_wconf 90' lang='lat' dir='ltr'>ornandi</span> <span class='ocrx_word' id='word_1_275' title='bbox 980 3928 1077 3969; x_wconf 90' lang='lat' dir='ltr'>causa</span> <span class='ocrx_word' id='word_1_276' title='bbox 1101 3904 1352 3969; x_wconf 89' lang='lat' dir='ltr'>commendatae.</span> <span class='ocrx_word' id='word_1_277' title='bbox 1385 3903 1426 3967; x_wconf 93' lang='lat' dir='ltr'>Id</span> 
     </span>
     <span class='ocr_line' id='line_1_33' title="bbox 252 4013 1426 4097; baseline 0 -21"><span class='ocrx_word' id='word_1_278' title='bbox 252 4013 389 4096; x_wconf 90' lang='lat' dir='ltr'>denique</span> <span class='ocrx_word' id='word_1_279' title='bbox 413 4014 499 4097; x_wconf 91' lang='lat' dir='ltr'>quod</span> <span class='ocrx_word' id='word_1_280' title='bbox 525 4013 649 4080; x_wconf 86' lang='lat' dir='ltr'>Seneca</span> <span class='ocrx_word' id='word_1_281' title='bbox 672 4017 704 4078; x_wconf 93' lang='lat' dir='ltr'>in</span> <span class='ocrx_word' id='word_1_282' title='bbox 729 4017 911 4078; x_wconf 90' lang='lat' dir='ltr'>universum</span> <span class='ocrx_word' id='word_1_283' title='bbox 941 4015 1106 4096; x_wconf 83' lang='lat' dir='ltr'>praecipit,</span> <span class='ocrx_word' id='word_1_284' title='bbox 1135 4033 1205 4076; x_wconf 91' lang='lat' dir='ltr'>cum</span> <span class='ocrx_word' id='word_1_285' title='bbox 1234 4014 1266 4074; x_wconf 91' lang='lat' dir='ltr'>in</span> <span class='ocrx_word' id='word_1_286' title='bbox 1292 4033 1339 4094; x_wconf 90' lang='lat' dir='ltr'>ep.</span> <span class='ocrx_word' id='word_1_287' title='bbox 1362 4015 1426 4093; x_wconf 78' lang='lat'>5,4</span> 
     </span>
     <span class='ocr_line' id='line_1_34' title="bbox 253 4119 1426 4203; baseline -0.002 -20"><span class='ocrx_word' id='word_1_288' title='bbox 253 4119 331 4184; x_wconf 93' lang='lat' dir='ltr'>dicit</span> <span class='ocrx_word' id='word_1_289' title='bbox 359 4124 591 4203; x_wconf 89' lang='lat' dir='ltr'>&lt;propositum</span> <span class='ocrx_word' id='word_1_290' title='bbox 616 4133 758 4185; x_wconf 90' lang='lat' dir='ltr'>nostrum</span> <span class='ocrx_word' id='word_1_291' title='bbox 783 4130 832 4185; x_wconf 90' lang='lat' dir='ltr'>est</span> <span class='ocrx_word' id='word_1_292' title='bbox 856 4121 1031 4185; x_wconf 87' lang='lat' dir='ltr'>secundum</span> <span class='ocrx_word' id='word_1_293' title='bbox 1056 4129 1201 4182; x_wconf 89' lang='lat' dir='ltr'>naturam</span> <span class='ocrx_word' id='word_1_294' title='bbox 1226 4121 1363 4182; x_wconf 83' lang='lat' dir='ltr'>vivere&gt;</span> <span class='ocrx_word' id='word_1_295' title='bbox 1394 4120 1426 4181; x_wconf 88' lang='lat' dir='ltr'>in</span> 
     </span>
     <span class='ocr_line' id='line_1_35' title="bbox 252 4225 1426 4312; baseline -0.003 -21"><span class='ocrx_word' id='word_1_296' title='bbox 252 4230 397 4292; x_wconf 88' lang='lat' dir='ltr'>oratione</span> <span class='ocrx_word' id='word_1_297' title='bbox 427 4249 555 4312; x_wconf 89' lang='lat' dir='ltr'>qnoque</span> <span class='ocrx_word' id='word_1_298' title='bbox 583 4228 803 4293; x_wconf 88' lang='lat' dir='ltr'>confirmatum</span> <span class='ocrx_word' id='word_1_299' title='bbox 836 4238 867 4292; x_wconf 93' lang='grc' dir='ltr'>θῖ</span> <span class='ocrx_word' id='word_1_300' title='bbox 895 4250 914 4291; x_wconf 85' lang='lat' dir='ltr'>a</span> <span class='ocrx_word' id='word_1_301' title='bbox 940 4228 1072 4309; x_wconf 89' lang='lat' dir='ltr'>Dionys.</span> <span class='ocrx_word' id='word_1_302' title='bbox 1095 4227 1172 4289; x_wconf 88' lang='lat' dir='ltr'>Hal.</span> <span class='ocrx_word' id='word_1_303' title='bbox 1197 4225 1236 4288; x_wconf 91' lang='lat' dir='ltr'>de</span> <span class='ocrx_word' id='word_1_304' title='bbox 1260 4225 1360 4290; x_wconf 89' lang='lat' dir='ltr'>Isocr.</span> <span class='ocrx_word' id='word_1_305' title='bbox 1387 4229 1426 4288; x_wconf 86' lang='lat'>13</span> 
     </span>
    </p>
   </div>
   <div class='ocr_carea' id='block_1_3' title="bbox 139 4331 1427 4418">
    <p class='ocr_par' dir='ltr' id='par_1_3' title="bbox 139 4331 1427 4418">
     <span class='ocr_line' id='line_1_36' title="bbox 139 4331 1427 4418; baseline -0.002 -22"><span class='ocrx_word' id='word_1_306' title='bbox 139 4342 144 4350; x_wconf 92' lang='lat'>&#39;</span> <span class='ocrx_word' id='word_1_307' title='bbox 253 4331 517 4418; x_wconf 80' lang='lat' dir='ltr'>Quintilianoqne</span> <span class='ocrx_word' id='word_1_308' title='bbox 535 4334 634 4418; x_wconf 84' lang='lat' dir='ltr'>(XII,</span> <span class='ocrx_word' id='word_1_309' title='bbox 648 4340 749 4417; x_wconf 85' lang='lat'>10,40</span> <span class='ocrx_word' id='word_1_310' title='bbox 767 4335 806 4398; x_wconf 87' lang='lat' dir='ltr'>cf.</span> <span class='ocrx_word' id='word_1_311' title='bbox 823 4335 923 4415; x_wconf 86' lang='lat' dir='ltr'>VlIl,</span> <span class='ocrx_word' id='word_1_312' title='bbox 935 4336 1030 4417; x_wconf 85' lang='lat'>3,71)</span> <span class='ocrx_word' id='word_1_313' title='bbox 1047 4332 1265 4416; x_wconf 90' lang='lat' dir='ltr'>praedicatum</span> <span class='ocrx_word' id='word_1_314' title='bbox 1282 4331 1427 4396; x_wconf 83' lang='lat' dir='ltr'>vidimus.</span> 
     </span>
    </p>
   </div>
   <div class='ocr_carea' id='block_1_4' title="bbox 253 4430 1426 4524">
    <p class='ocr_par' dir='ltr' id='par_1_4' title="bbox 253 4430 1426 4524">
     <span class='ocr_line' id='line_1_37' title="bbox 253 4430 1426 4524; baseline -0.004 -19"><span class='ocrx_word' id='word_1_315' title='bbox 253 4438 410 4505; x_wconf 85' lang='lat' dir='ltr'>Senecam</span> <span class='ocrx_word' id='word_1_316' title='bbox 441 4443 474 4504; x_wconf 91' lang='lat' dir='ltr'>in</span> <span class='ocrx_word' id='word_1_317' title='bbox 508 4443 626 4524; x_wconf 92' lang='lat' dir='ltr'>regulis</span> <span class='ocrx_word' id='word_1_318' title='bbox 656 4444 808 4506; x_wconf 87' lang='lat' dir='ltr'>orationis</span> <span class='ocrx_word' id='word_1_319' title='bbox 838 4430 1017 4504; x_wconf 87' lang='lat' dir='ltr'>statuendis</span> <span class='ocrx_word' id='word_1_320' title='bbox 1044 4441 1216 4522; x_wconf 87' lang='lat' dir='ltr'>praecipue</span> <span class='ocrx_word' id='word_1_321' title='bbox 1245 4436 1426 4502; x_wconf 89' lang='lat' dir='ltr'>Stoicorum</span> 
     </span>
    </p>
   </div>
   <div class='ocr_carea' id='block_1_5' title="bbox 252 4542 1429 4717">
    <p class='ocr_par' dir='ltr' id='par_1_5' title="bbox 252 4542 1429 4717">
     <span class='ocr_line' id='line_1_38' title="bbox 252 4542 1429 4631; baseline -0.003 -21"><span class='ocrx_word' id='word_1_322' title='bbox 252 4549 385 4630; x_wconf 87' lang='lat' dir='ltr'>vestigia</span> <span class='ocrx_word' id='word_1_323' title='bbox 419 4551 573 4631; x_wconf 88' lang='lat' dir='ltr'>pressisse</span> <span class='ocrx_word' id='word_1_324' title='bbox 606 4550 656 4612; x_wconf 86' lang='lat' dir='ltr'>vel</span> <span class='ocrx_word' id='word_1_325' title='bbox 685 4570 744 4631; x_wconf 89' lang='lat' dir='ltr'>per</span> <span class='ocrx_word' id='word_1_326' title='bbox 772 4569 805 4613; x_wconf 89' lang='lat' dir='ltr'>se</span> <span class='ocrx_word' id='word_1_327' title='bbox 833 4548 1039 4611; x_wconf 87' lang='lat' dir='ltr'>manifestum</span> <span class='ocrx_word' id='word_1_328' title='bbox 1072 4556 1128 4609; x_wconf 91' lang='lat' dir='ltr'>est.</span> <span class='ocrx_word' id='word_1_329' title='bbox 1173 4544 1315 4608; x_wconf 88' lang='lat' dir='ltr'>Accedit</span> <span class='ocrx_word' id='word_1_330' title='bbox 1341 4542 1429 4626; x_wconf 91' lang='lat' dir='ltr'>quod</span> 
     </span>
     <span class='ocr_line' id='line_1_39' title="bbox 306 4668 1249 4717; baseline 0.005 -5"><span class='ocrx_word' id='word_1_331' title='bbox 306 4669 400 4712; x_wconf 68' lang='lat' dir='ltr'>narrar.</span> <span class='ocrx_word' id='word_1_332' title='bbox 1234 4668 1249 4717; x_wconf 84' lang='grc'><strong>7</strong></span> 
     </span>
    </p>
   </div>
   <div class='ocr_carea' id='block_1_6' title="bbox 0 0 1742 5418">
    <p class='ocr_par' dir='ltr' id='par_1_6' title="bbox 0 0 1742 5418">
     <span class='ocr_line' id='line_1_40' title="bbox 0 0 1742 5418; baseline 0 0"><span class='ocrx_word' id='word_1_333' title='bbox 0 0 1742 5418; x_wconf 95' lang='lat' dir='ltr'> </span> 
     </span>
    </p>
   </div>
  </div>
 </body>
</html>
