3476 5418
762 523 1003 582 -108-

296 699 337 758 58
356 693 444 773 (lob,
472 695 557 758 idem
583 695 667 777 apud
686 695 752 761 Cic.
770 695 864 761 Tusc.
882 699 910 774 5,
930 701 979 777 16,
996 693 1060 775 47,Ι
1072 695 1127 758 sed
1153 696 1193 762 cf.
1209 696 1329 777 Hirzel,
1353 698 1371 762 l.
1388 697 1407 762 l.
1425 696 1471 775 II,

296 805 336 864 25
355 801 427 865 adn.
445 808 473 883 2,
492 802 601 886 1895).
634 801 736 866 Recte
754 801 1099 867 animadvertitMewis
1117 801 1149 885 (l.
1168 825 1193 866 e.
1209 825 1239 886 p.
1257 804 1312 888 62)
1329 804 1471 885 intellegi

267 975 269 980 ,
295 928 391 990 posse
424 930 463 971 ex
496 911 655 972 sententia
687 911 787 972 citata
811 931 831 972 a
855 907 979 974 Seneca
1010 908 1156 991 probata,
1190 913 1301 992 quanti
1335 913 1472 993 scriptor

296 1016 514 1078 aestimaverit
538 1017 724 1080 orationem.
772 1014 912 1080 Gerckei
937 1026 1044 1079 autem
1068 1019 1126 1078 viri
1152 1015 1238 1079 docti
1264 1019 1382 1098 opinio.
1407 1038 1471 1098 qua

295 1123 419 1184 censuit
442 1121 473 1205 (l.
490 1122 508 1184 l.
532 1143 562 1204 p.
583 1124 657 1206 135)
678 1143 740 1185 non
762 1124 879 1186 serium
903 1125 1009 1204 putari
1032 1140 1127 1204 posse
1153 1120 1297 1187 Senecae
1322 1123 1471 1202 studium,

295 1227 381 1309 quod
416 1240 500 1292 esset
533 1233 739 1311 conspicuum
774 1232 807 1292 in
840 1229 1033 1310 indagandis
1066 1238 1235 1312 corruptae
1269 1231 1470 1312 eloquentiae

295 1337 408 1414 causis
436 1344 548 1418 utpote
576 1337 608 1399 in
638 1357 671 1399 re
702 1337 829 1416 leviore,
858 1335 1029 1399 collabitur
1058 1337 1090 1398 ni
1118 1336 1214 1399 fallor
1240 1337 1290 1399 vel
1315 1337 1471 1419 epistulae

294 1443 404 1524 primis
421 1441 527 1505 verbis
544 1445 707 1524 inspectio,
724 1443 762 1506 cf.
782 1445 876 1506 etiam
894 1442 1007 1521 Misch,
1024 1443 1042 1506 l.
1060 1443 1078 1507 l.
1094 1465 1123 1525 p.
1135 1446 1209 1509 247.
1244 1440 1337 1525 Quod
1357 1445 1472 1506 attinet

295 1548 336 1610 ad
361 1570 473 1612 causas
499 1548 539 1612 ab
564 1549 634 1612 aliis
659 1549 802 1612 eiusdem
827 1551 942 1612 aetatis
967 1549 1176 1632 scriptoribus
1201 1551 1255 1612 sel.
1276 1559 1405 1614 auctore
1431 1549 1470 1612 de

297 1654 376 1719 subl.
401 1677 427 1720 c.
449 1655 481 1720 V
506 1667 538 1718 et
560 1655 688 1737 XLIV,
713 1654 745 1722 S.
766 1656 812 1718 rb.
837 1667 936 1720 contr.
961 1677 1007 1739 pr.
1028 1656 1055 1736 Ι,
1077 1661 1106 1737 6,
1124 1663 1152 1720 7.
1199 1656 1351 1720 Petronio
1377 1678 1402 1720 c.
1419 1660 1470 1735 88,

297 1760 410 1826 Tacito
429 1763 501 1828 dial.
519 1783 543 1826 c.
562 1767 602 1826 36
625 1783 688 1826 non
710 1784 839 1846 possum
862 1773 1001 1826 tractare
1023 1764 1084 1827 boc
1108 1765 1179 1827 loco
1202 1784 1261 1827 nec
1282 1784 1352 1826 cum
1378 1784 1470 1844 argn-

296 1872 493 1933 mentatione
519 1867 661 1934 Senecae
686 1870 841 1952 conferre,
866 1873 942 1952 quia
965 1873 1117 1952 singulari
1141 1870 1366 1934 dissertatione
1391 1891 1470 1952 opus

296 1986 381 2040 esset
409 1976 450 2038 ad
479 1979 700 2059 quaestionem
729 1989 878 2040 accurate
907 1977 1139 2059 explicandam,
1167 1979 1274 2058 relego
1298 1979 1405 2060 potius
1429 1977 1469 2039 ad

295 2103 332 2146 ea
361 2104 444 2165 qnae
468 2082 574 2146 adbuc
599 2083 777 2147 docuerunt
800 2083 943 2164 Norden,
971 2084 998 2164 Ι,
1020 2089 1145 2166 245sq,
1175 2084 1286 2148 Hirzel
1310 2083 1344 2146 [I
1367 2105 1397 2166 p.
1419 2088 1471 2164 50,

294 2189 434 2253 Rolland
458 2213 488 2273 p.
512 2196 565 2271 10,
603 2190 727 2254 Reuter
749 2212 778 2273 p.
801 2195 946 2272 56-63,
987 2189 1155 2256 Gudeman
1182 2213 1211 2273 p.
1234 2196 1311 2272 277,
1351 2190 1471 2254 Kaibel

295 2296 447 2379 (Hermes
472 2297 647 2380 XXXlV)
672 2302 792 2380 praa.
832 2297 907 2360 Hoc
931 2307 1055 2361 tantum
1079 2319 1194 2361 moneo
1213 2296 1369 2362 Senecam
1393 2298 1471 2361 mihi

296 2403 410 2467 eodem
439 2404 544 2484 modo,
574 2426 637 2487 quo
663 2407 761 2467 ceteri
786 2417 933 2467 auctores
957 2405 1069 2467 iisdem
1095 2403 1253 2468 derebus
1278 2405 1470 2468 disserentes

296 2510 400 2574 redire
412 2511 512 2574 videri
530 2511 570 2574 ad
586 2521 758 2592 auctorem,
776 2514 844 2574 sine
858 2510 956 2574 dubio
971 2511 1204 2595 philosophum,
1221 2533 1315 2593 quem
1326 2510 1471 2574 hausisse

294 2640 334 2682 ex
358 2617 493 2682 Platone
519 2618 592 2703 (leg.
608 2618 698 2682 VlII
723 2621 789 2682 init.
815 2641 844 2702 p.
863 2618 971 2702 surb)
995 2618 1116 2682 Kaibel
1141 2618 1288 2682 ostendit.

383 2725 527 2807 §4-8,
573 2725 629 2789 Ad
653 2726 874 2789 illustrandam
898 2727 1204 2807 argumentationem
1226 2728 1326 2788 utitur
1347 2724 1473 2791 Seneca

294 2835 430 2915 primum
447 2831 644 2896 Maecenatis
670 2834 824 2916 exemplo,
849 2832 935 2915 qnod
961 2844 1034 2916 apte
1059 2833 1194 2896 electum
1220 2854 1289 2896 esse
1314 2835 1409 2895 etiam
1432 2854 1472 2895 ex

295 2960 333 3002 ea
363 2961 396 3002 ro
425 2941 641 3021 cognoscitur,
671 2939 757 3021 quod
786 2939 953 3021 Augustus
983 2937 1085 3023 (Suet.
1102 2939 1186 3021 Aug.
1204 2941 1258 3022 86)
1283 2949 1315 3002 et
1339 2938 1470 3002 Tacitus

296 3046 384 3130 (dial.
402 3052 452 3127 26,
470 3046 505 3127 4)
529 3046 749 3109 Maecenatem
774 3048 805 3110 in
832 3048 989 3110 oaoocelis
1013 3058 1181 3110 numerant
1205 3056 1236 3109 et
1253 3044 1470 3128 Quintilianus

295 3152 372 3235 (IX,
390 3159 418 3233 4,
437 3155 491 3236 28)
517 3155 781 3236 compositionem
806 3156 952 3216 vitiosam
976 3154 1128 3235 exemplis
1145 3153 1396 3217 Maecenatianis
1418 3175 1470 3216 ex·

293 3261 393 3343 plicat
409 3261 448 3325 cf.
459 3281 556 3342 porro
572 3259 714 3325 Macrob.
725 3271 783 3323 sat.
793 3260 839 3342 ΙΙ,
849 3263 879 3342 4,
893 3264 940 3323 12.
978 3259 1214 3323 Describuntur
1231 3271 1470 3342 comparantur-

295 3389 356 3449 que
390 3370 455 3430 vita
489 3376 584 3449 atque
618 3369 730 3431 oratic.
777 3367 886 3430 Primo
919 3377 1052 3450 aspectu
1083 3366 1210 3430 videtur
1243 3367 1353 3430 deesse
1382 3366 1470 3446 ordo,
1532 3433 1535 3440 ,

295 3496 367 3537 nam
393 3469 521 3537 disserit
544 3477 681 3555 scriptor
704 3474 799 3537 modo
826 3473 865 3538 de
888 3476 966 3555 vita,
995 3473 1092 3537 modo
1117 3473 1260 3556 depingit
1284 3476 1471 3553 orationem,

295 3581 390 3645 modo
416 3593 594 3664 comparat,
622 3584 706 3644 inter
734 3602 771 3644 ea
795 3583 907 3644 inserit
930 3580 1127 3644 Maecenatis
1153 3581 1341 3644 elocutionis
1366 3601 1470 3643 exem·

293 3690 405 3772 plarie.
444 3687 492 3750 At
513 3690 617 3750 acrius
638 3687 803 3769 indaganti
821 3697 956 3770 apparet
971 3690 1003 3751 in
1022 3686 1121 3750 tribus
1138 3687 1312 3769 particulis,
1337 3709 1470 3769 quarum

293 3797 397 3879 prima
421 3804 454 3858 et
477 3797 572 3858 tertia
593 3793 654 3857 sibi
674 3794 870 3876 respondent
892 3806 923 3858 et
946 3817 979 3858 se
1001 3795 1157 3877 supplent,
1182 3793 1382 3857 observatam
1402 3815 1470 3857 esse

293 3904 498 3985 partitionem
517 3901 780 3984 quadripertitam
798 3902 914 3986 (4><4)
933 3911 965 3965 et
981 3903 1170 3985 tripertitam
1189 3900 1313 3984 (3><3).
1347 3901 1470 3984 Aperte

293 4011 414 4073 fatetur
431 4007 554 4073 Seneca
571 4009 767 4072 Maecenatis
784 4011 881 4072 vitam
905 4031 942 4073 ac
958 4029 1062 4072 mores
1080 4029 1149 4071 esse
1167 4010 1263 4071 etiam
1280 4011 1311 4071 in
1330 4010 1485 4071 omnium·

293 4119 457 4197 memoria,
481 4119 629 4179 nimirum
654 4116 761 4179 facere
786 4138 848 4180 non
873 4128 989 4199 potest,
1014 4117 1089 4198 quin
1111 4115 1315 4178 nihilominus
1340 4113 1470 4177 demon-

294 4223 418 4288 strandi
443 4245 540 4286 causa
564 4232 676 4305 tangat
699 4224 784 4286 vitae
808 4226 965 4287 rationem
982 4225 1041 4286 viri
1058 4223 1215 4286 notissimi
1232 4231 1328 4304 atque
1344 4229 1472 4284 enarret

294 4342 446 4414 quattuor
473 4330 617 4410 fabellas,
647 4351 729 4412 quae
754 4331 821 4393 eius
847 4340 979 4394 naturae
1008 4339 1243 4392 consentaneae
1272 4339 1304 4391 et
1330 4330 1470 4410 insignes

294 4448 375 4503 sunt.
426 4438 497 4501 uuit
520 4441 553 4501 in
577 4437 799 4500 Maecenatem
823 4439 930 4500 animo
953 4458 1067 4518 parum
1091 4440 1193 4499 amico
1214 4446 1245 4498 et
1262 4437 1380 4517 carpsit
1398 4456 1469 4498 enm

294 4548 421 4629 saepius
450 4545 654 4608 vehementer
682 4565 754 4607 cum
784 4556 915 4627 propter
943 4546 1041 4607 vitam
1071 4543 1199 4607 mollem
1232 4551 1299 4605 tum
1332 4541 1372 4605 ob
1407 4541 1471 4604 stili
