3498 5412
733 525 953 585 -49-

253 696 312 758 etsi
328 717 486 778 nusquam
502 698 585 760 inter
600 699 733 762 virtutes
751 701 908 762 oratorias
926 709 1131 764 enumeratur
1146 697 1428 784 (Geigenmueller,

252 823 281 884 p.
299 807 342 868 54
358 801 430 868 adn.
449 804 496 886 2),
529 806 644 867 summi
677 807 830 868 momenti
864 813 912 869 est
938 806 971 870 in
1005 815 1168 870 oratorum
1200 806 1427 890 rhetorumque

252 909 413 973 thesauro.
451 911 579 993 Duplici
602 911 699 992 modo
724 911 841 975 dicitur
865 922 921 976 aut
945 912 985 976 de
1009 934 1154 977 sermone
1178 934 1259 996 puro
1284 923 1316 977 et
1339 914 1426 977 claro

252 1013 333 1098 (Dic.
353 1015 445 1082 Brut.
466 1021 522 1097 88,
545 1019 622 1098 302)
651 1027 761 1082 nostro
791 1039 937 1082 sermone
961 1020 1161 1102 sprachliche
1184 1019 1338 1084 Reinheit
1362 1019 1428 1084 und

252 1121 464 1186 Korrektheit
492 1133 549 1188 aut
576 1124 616 1188 de
645 1126 798 1189 orationis
828 1125 987 1208 elegantia
1015 1136 1046 1190 et
1075 1129 1191 1208 nitore,
1221 1147 1315 1208 quem
1340 1129 1427 1190 varia

250 1232 376 1293 ratione
409 1233 518 1313 parari
551 1252 646 1313 posse
679 1231 741 1295 hoc
774 1253 813 1295 ex
845 1233 917 1296 loco
951 1233 1067 1296 eradit.
1113 1233 1249 1298 Fabiani
1281 1237 1426 1298 oratione

252 1336 403 1400 discimus
428 1337 631 1420 splendorem
655 1359 718 1402 non
748 1340 851 1402 solum
878 1339 1019 1422 pendere
1044 1361 1083 1403 ex
1106 1340 1211 1404 verbis
1240 1340 1426 1423 splendidis,

251 1465 385 1526 quorum
403 1446 435 1507 in
453 1466 513 1508 usu
529 1445 660 1509 modum
676 1456 881 1509 exoessemnt
897 1448 988 1510 multi
1005 1446 1230 1528 declamantes,
1246 1469 1317 1510 cum
1335 1468 1425 1510 usur-

251 1549 372 1631 pabant
395 1553 483 1615 nulla
512 1553 574 1615 alia
604 1555 663 1615 nisi
688 1553 857 1634 splendida
880 1552 978 1617 verba
1002 1563 1034 1617 et
1058 1553 1223 1617 evitabant
1247 1556 1427 1618 necessaria

155 1741 157 1746 ,
252 1666 348 1740 atquo
371 1660 403 1720 in
428 1679 487 1722 usu
512 1662 618 1741 posita
641 1659 702 1742 (ep.
724 1663 867 1744 114,14)
893 1660 932 1726 cf.
950 1672 1049 1724 contr.
1066 1661 1123 1724 III
1139 1682 1185 1742 pr.
1202 1665 1236 1724 7:
1255 1659 1427 1724 <habebat

251 1762 398 1847 (Cassius
433 1764 585 1850 Severus)
623 1766 752 1848 phrasin
787 1787 850 1829 non
884 1767 1045 1848 vulgarem
1082 1789 1140 1831 nec
1173 1767 1334 1831 sordidam
1369 1766 1427 1830 sed

251 1871 427 1937 electam>.
473 1871 610 1936 Fabiani
639 1873 790 1955 splendor
822 1873 957 1940 debetur
989 1874 1223 1938 cotidianorum
1255 1873 1425 1938 verborum

252 1981 321 2041 usui
350 1989 439 2042 recto
464 1990 622 2062 aptaeque
650 1982 816 2062 positioni,
849 2002 922 2043 nam
955 1983 1094 2045 <πολλοὶ
1118 1984 1178 2045 οὐκ
1200 1984 1286 2052 ὄντες
1308 1983 1425 2064 ὑψηλοὶ

250 2086 344 2167 φύσει
457 2088 548 2169 ὅμως
575 2095 692 2158 κοινοῖς
719 2089 773 2151 καὶ
801 2089 964 2171 δημώδεσι
993 2089 1025 2173 (e
1052 2087 1158 2151 medio
1187 2089 1334 2170 sumptis)
1363 2095 1427 2159 τοῖς

250 2193 384 2275 ὀνόμασι
402 2196 456 2257 καὶ
472 2195 565 2258 οὐδὲν
587 2196 727 2276 περιττὸν
750 2196 797 2266 ὡς
820 2197 855 2258 τὰ
880 2197 979 2259 πολλὰ
1004 2199 1224 2278 συγχρώμενοι
1247 2196 1299 2259 διὰ
1321 2196 1424 2278 μόνον
1484 2251 1485 2256 ,

250 2307 304 2362 τοῦ
333 2302 493 2364 συνθεῖναι
526 2303 579 2365 καὶ
607 2303 744 2384 ἁρμόσαι
771 2309 868 2366 ταῦτα
897 2302 925 2366 δ’
948 2304 1039 2384 ὅμως
1062 2305 1160 2384 ὄγκον
1188 2303 1242 2366 καὶ
1271 2303 1426 2384 διάστημα

250 2405 430 2491 (splendor)
463 2410 517 2471 καὶ
549 2409 584 2471 τὸ
615 2409 661 2491 μὴ
693 2411 830 2472 ταπεινοὶ
864 2409 1013 2487 (humiles
1042 2408 1177 2493 sordidi)
1212 2410 1317 2472 δοκεῖν
1348 2411 1426 2472 εἶναι

249 2515 471 2597 περιεβάλοντο
488 2515 584 2597 (auct.
602 2514 642 2578 de
659 2513 738 2578 subl.
755 2519 806 2596 40,
825 2516 898 2599 2)>,
922 2514 1006 2579 idern
1027 2516 1157 2598 Dionys.
1174 2515 1249 2580 Hal.
1266 2514 1306 2579 de
1324 2537 1426 2597 comp.

250 2619 336 2686 verb.
354 2642 379 2686 ο.
398 2625 425 2684 3.
466 2619 634 2684 Laudatur
657 2633 762 2685 autem
788 2621 950 2686 Fabianus
968 2644 986 2685 a
1004 2621 1128 2687 Seneca
1151 2643 1189 2686 eo
1213 2625 1314 2704 magia
1339 2622 1425 2704 quod

251 2726 463 2791 <idiotismus
489 2737 538 2790 est
560 2730 644 2792 inter
667 2731 823 2793 oratorias
847 2731 980 2793 virtutes
1004 2749 1054 2793 res
1076 2751 1158 2811 qnae
1174 2750 1247 2792 raro
1264 2728 1424 2812 procedit:

250 2855 366 2915 magno
384 2838 467 2899 enim
484 2846 736 2918 temperamento
750 2857 829 2918 opus
847 2846 895 2900 est
912 2845 943 2900 et
960 2839 1129 2900 occasione
1142 2835 1313 2917 quadam>
1324 2833 1369 2919 (S.
1380 2835 1425 2898 rh.

252 2953 351 3006 contr.
364 2941 442 3023 Vll,
469 2943 501 3026 5)
528 2942 568 3008 ci.
593 2943 726 3025 Dionys.
751 2943 827 3006 Hal.
854 2953 912 3006 art.
937 2943 1016 3010 rhet.
1042 2943 1086 3024 X,
1114 2949 1146 3025 7,
1180 2954 1262 3006 auct.
1284 2942 1324 3006 de
1346 2940 1426 3007 subl.

251 3047 388 3130 XXXI,
408 3054 433 3124 l,
458 3048 572 3130 XLII,
592 3053 618 3113 l.
664 3050 717 3113 Ac
749 3049 895 3132 proiecto
929 3071 992 3114 non
1027 3059 1074 3113 est
1096 3050 1243 3131 'vulgaris
1277 3050 1425 3128 auctoris,

252 3177 334 3236 quae
363 3177 421 3238 per
450 3177 483 3219 se
512 3157 588 3220 vilia
616 3166 701 3234 sunt,
729 3157 904 3240 prudenter
926 3159 973 3220 uti
998 3166 1030 3220 et
1057 3166 1123 3220 tam
1148 3165 1222 3239 apte
1247 3155 1425 3238 disponere,

252 3271 286 3325 ut
310 3263 410 3326 cultui
435 3273 466 3326 et
486 3272 673 3327 ornamento
694 3265 765 3328 sint.
803 3263 979 3346 Propterea
1000 3285 1063 3326 non
1084 3273 1140 3344 est,
1165 3261 1252 3344 qnod
1276 3265 1426 3325 miremur

252 3369 431 3434 Fabianum
448 3373 557 3434 vocari
574 3370 637 3454 (ep.
655 3375 705 3450 58,
723 3373 755 3454 6)
773 3370 926 3434 disertum
945 3380 977 3434 et
993 3371 1185 3452 elegantem3
1209 3368 1294 3450 quod
1312 3371 1426 3432 attinet

252 3477 292 3540 ad
310 3476 564 3540 additamentum
581 3479 767 3541 <orationis
787 3479 884 3541 etiam
904 3477 944 3540 ad
962 3487 1105 3540 nostrum
1121 3475 1285 3539 fastidium
1304 3474 1424 3538 nitidae

253 3585 284 3666 (i.
302 3606 328 3646 e.
344 3583 419 3664 iein,
437 3583 591 3646 schmuck
607 3605 717 3666 oppos.
732 3583 889 3664 horridus,
908 3585 1092 3667 incultus)>
1107 3583 1313 3646 manifestum
1329 3581 1426 3645 estid

252 3690 373 3754 dictum
387 3680 460 3754 'esse
477 3712 496 3753 a
513 3689 645 3772 Seneca,
664 3691 800 3754 Fabiani
818 3690 993 3770 laudatore,
1014 3692 1106 3773 quasi
1122 3690 1217 3771 pleno
1235 3710 1304 3768 ore3
1329 3709 1425 3770 porro

253 3796 435 3861 consideres
465 3809 608 3861 nostrum
638 3819 700 3860 non
729 3796 901 3860 abliorrere
921 3818 940 3859 a
959 3795 1228 3880 postulationibus
1255 3798 1329 3876 suis,
1353 3816 1426 3857 cum

252 3904 363 3968 laudat
385 3904 566 3968 Fabianum
590 3907 637 3967 ita
660 3904 827 3986 dicentem,
852 3907 927 3986 quia
944 3903 1101 3967 debentur
1117 3905 1276 3966 oratoriae
1292 3905 1425 3964 virtutes

257 4011 389 4075 Fabiani
414 4033 476 4076 non
502 4033 596 4074 curae
621 4011 801 4074 laboriosae
826 4011 883 4075 sed
907 4013 1045 4074 auctoris
1063 4012 1190 4091 ingenio
1208 4009 1247 4072 ci.
1265 4031 1313 4091 ep.
1331 4012 1381 4090 75,
1398 4013 1426 4073 5.

340 4121 364 4200 §
386 4117 446 4202 oft
469 4107 613 4182 Ι<εειιειιε
628 4117 773 4182 honestos
790 4123 820 4182 et
833 4116 1024 4200 mupuidcoa
1039 4116 1135 4181 habea
1159 4164 1166 4180 .
1183 4165 1189 4180 .
1206 4164 1213 4180 .
1237 4121 1325 4180 recta
1341 4120 1425 4179 est>.

341 4225 387 4289 Ut
414 4224 584 4288 verborum
613 4225 770 4288 delectum
804 4228 850 4288 ita
879 4226 1012 4307 opponit
1041 4221 1166 4288 Seneca
1197 4225 1426 4286 sententiarum

253 4330 388 4394 Fabiani
409 4334 673 4414 compositionem
695 4352 847 4395 novorum
868 4332 1093 4414 compositioni
1113 4340 1145 4392 ct
1164 4329 1292 4392 dicendi
1308 4331 1425 4410 generi.

254 4439 303 4501 Ex
337 4439 397 4501 hac
430 4441 611 4502 accuratius
645 4438 805 4521 descripta
839 4438 980 4501 eruenda
1011 4447 1097 4516 aunt,
1131 4457 1213 4518 quae
1238 4434 1363 4500 Seneca
1386 4435 1425 4498 de

253 4544 389 4608 Fabiani
414 4548 646 4628 compositione
672 4558 779 4608 censet
800 4554 831 4608 et
850 4543 1037 4627 supplenda,
1062 4565 1144 4625 quae
1161 4543 1278 4606 diserte
1295 4542 1425 4625 profert.

305 4667 399 4710 llllller.
1231 4666 1248 4716 4
