3476 5418
875 1185 993 1298 vita.

426 1357 506 1439 Ego,
524 1354 683 1439 Georgius
693 1357 717 1422 J
720 1357 862 1421 ohannes
880 1357 1032 1439 Mtiller,
1050 1367 1142 1420 natus
1159 1378 1229 1421 snm
1246 1378 1272 1420 a.
1291 1356 1319 1421 d.
1336 1357 1396 1420 IV.
1405 1357 1517 1422 Nonas

304 1523 305 1527 ,
344 1462 475 1546 Apriles
505 1466 579 1527 anni
606 1467 689 1528 1887
719 1466 751 1527 in
780 1466 851 1528 rico
877 1461 1051 1545 Stauobitz,
1078 1463 1165 1527 haud
1193 1465 1305 1546 procul
1333 1463 1373 1527 ab
1398 1464 1517 1547 oppido

343 1569 444 1634 Riese
455 1572 525 1652 sito,
538 1569 723 1653 parentibus
734 1569 879 1634 Roborto
891 1569 1050 1652 Oswaldo,
1062 1573 1115 1654 qni
1125 1569 1171 1634 ibi
1182 1571 1369 1634 mereatoris
1382 1573 1518 1653 negotiis
1545 1599 1547 1602 ·

345 1676 548 1759 fungebatur,
573 1687 605 1740 et
620 1677 724 1740 Maria
741 1698 757 1741 0
773 1686 868 1760 gente
884 1676 1011 1741 Niokol.
1050 1677 1165 1741 Fidem
1187 1677 1340 1760 profiteor
1361 1679 1518 1760 evangeli·

344 1804 424 1850 oam.
448 1783 564 1847 Primis
594 1784 757 1848 elementis
790 1783 930 1848 imbutus
960 1792 1112 1866 quattuor
1143 1805 1201 1866 por
1229 1805 1329 1848 annos
1364 1783 1404 1847 ab
1433 1805 1517 1848 anno

346 1893 431 1954 1897
455 1911 556 1972 nsque
581 1889 622 1954 ad
646 1911 766 1953 annum
784 1895 867 1955 1906
892 1893 1091 1973 gymnasium
1114 1894 1235 1973 regium
1251 1891 1297 1954 W
1299 1911 1431 1954 urnonse
1454 1891 1518 1954 fro-

344 1999 498 2078 quentavi
521 1994 607 2062 Guil.
625 1996 792 2061 Rosohero
817 2006 849 2060 et
875 1997 913 2064 Ο.
929 1997 968 2061 Ε.
986 1995 1164 2062 Schmidtio
1189 1996 1439 2061 moderantibus.
1476 1997 1516 2060 Iu

345 2124 512 2167 numerum
529 2106 644 2166 civium
661 2103 919 2168 academicorum
934 2105 1037 2168 almae
1053 2107 1164 2167 matris
1175 2102 1387 2185 Tubingensis
1404 2104 1516 2168 eodem

343 2230 429 2273 anno
452 2220 601 2293 receptus
620 2209 751 2273 interfui
771 2211 898 2293 scholis,
922 2232 1000 2294 quas
1024 2209 1206 2274 habuerunt
1228 2209 1420 2274 verorabiles
1443 2231 1518 2293 pro·

344 2315 483 2380 fossores
513 2314 755 2398 Gundermann,
783 2317 923 2400 Herzog,
951 2317 1044 2399 Pfau,
1073 2315 1213 2398 Schmid,
1246 2315 1284 2382 L.
1303 2339 1331 2379 v.
1354 2315 1517 2399 Schwabe,

345 2420 462 2505 Spitta,
486 2423 673 2490 Voretasob.
719 2423 822 2488 Feriis
852 2445 934 2508 quae
963 2424 1180 2507 sequebantur
1207 2423 1325 2487 licebat
1352 2423 1430 2487 mihi
1457 2426 1518 2487 iter

343 2551 402 2612 por
428 2527 586 2594 Graeciae
610 2539 642 2593 ot
667 2530 768 2594 Asiae
797 2540 921 2614 partem
946 2531 1061 2595 facero.
1110 2529 1262 2596 Semostri
1291 2539 1397 2594 autem
1426 2539 1518 2593 autu·

343 2638 441 2700 mnali
459 2647 612 2719 sequente
628 2639 660 2700 iu
677 2640 917 2701 universitatem
930 2634 1053 2720 patriae
1067 2659 1157 2702 meae
1170 2639 1283 2702 transii
1296 2646 1328 2700 01
1340 2637 1517 2701 docuerunt

342 2765 394 2806 me
427 2743 477 2806 rel
511 2742 630 2807 docent
661 2744 860 2827 professores
895 2744 1071 2808 doctissimi
1105 2745 1221 2826 Barth,
1254 2743 1372 2825 Bothe,
1402 2743 1517 2807 Bireh-

343 2849 542 2932 Hirschfeld,
565 2849 762 2933 Brugmaun,
787 2850 907 2932 (lobon,
933 2848 1168 2933 Gardthausen,
1192 2850 1231 2915 R.
1254 2851 1389 2932 Heinze,
1413 2851 1516 2933 ‹iung-

344 2977 450 3037 mann,
459 2956 623 3038 Immisoh,
634 2956 773 3040 Lipsius,
784 2957 926 3039 Martini,
937 2955 1116 3034 Sohroiber,
1127 2956 1297 3039 Sottegast,
1311 2954 1516 3038 Studniczha,

343 3061 485 3144 Vollrolt,
514 3063 684 3146 Weigand,
723 3063 882 3146 Wiloken,
921 3063 1055 3145 Wundt,
1086 3063 1242 3130 Zarnclre.
1288 3063 1517 3128 Proseminarii

342 3169 529 3252 philologici
560 3170 607 3232 fui
640 3170 760 3234 sodalis
794 3179 946 3252 quattuor
975 3192 1034 3253 por
1061 3173 1225 3234 semestris
1255 3162 1517 3247 Gundermanno,

343 3276 539 3358 Immisohio,
567 3277 714 3358 Heinsio,
743 3276 862 3341 Bothio
892 3276 1145 3358 moderantibus,
1174 3279 1335 3342 seminarii
1364 3277 1427 3340 duo
1459 3297 1517 3358 per

343 3383 883 3466 semestrisBethiiHoinziiLipsii
894 3385 1052 3467 auspiciis,
1075 3383 1309 3448 Praetereame
1321 3383 1517 3448 admiserunt

343 3488 385 3551 ad
410 3491 615 3553 seminarium
640 3491 918 3572 arohaeologioum
942 3489 1117 3554 liberaliter
1133 3489 1339 3570 Studnioaka,
1363 3489 1516 3554 01101101-

344 3597 513 3660 oitationos
543 3605 575 3660 01
603 3598 808 3660 seminarium
836 3596 1101 3679 francogallicum
1129 3596 1451 3680 Biroh-Hirsohfeld,
1475 3596 1517 3660 ad

343 3701 598 3785 paedagogioum
614 3703 799 3786 Jungmann
821 3713 853 3767 et
869 3702 1009 3786 Volkelt,
1025 3706 1085 3768 riri
1102 3703 1197 3768 docti.
1228 3701 1353 3786 Quibus
1370 3703 1516 3768 omnibus

342 3809 605 3891 praeceptoribus
629 3812 765 3874 multum
789 3810 904 3876 debeo:
928 3813 1083 3894 imprimis
1107 3832 1182 3874 voro
1206 3810 1239 3874 J.
1258 3811 1302 3874 Η.
1316 3809 1438 3893 Lipsio,
1462 3812 1516 3893 qui

343 3913 419 3978 indo
447 3915 487 3978 ab
518 3925 670 3980 autumno
702 3920 777 3981 anni
805 3917 996 3983 MOMVHI
1024 3939 1074 3981 me
1103 3920 1228 3981 ornarit
1250 3939 1381 3981 munere
1404 3917 1516 3980 famuli

343 4030 376 4086 et
409 4023 501 4085 simul
534 4025 671 4086 instituti
703 4025 858 4107 philologi
891 4023 1138 4107 bibliothecarii,
1175 4045 1235 4088 nec
1272 4045 1335 4087 non
1374 4022 1515 4087 Ricardo

343 4127 495 4210 Heinsio,
529 4132 583 4213 qui
616 4130 664 4194 bis
699 4131 811 4195 studiis
845 4133 924 4195 mois
953 4152 1078 4213 semper
1106 4152 1228 4195 summa
1259 4129 1451 4194 liberalitato
1485 4138 1516 4193 et

343 4232 566 4299 benevolentia
588 4236 677 4301 favit.
