3498 5412
567 1369 728 1450 Tabula
755 1369 1007 1470 argumenti.

735 1551 842 1559 —
1320 1556 1368 1599 1³³8

202 1616 235 1669 A.
255 1615 407 1669 Exordium
452 1657 1304 1671 ....................
1360 1618 1376 1668 7

201 1705 234 1759 Β.
257 1704 396 1758 Tractatio
452 1748 458 1760 .
496 1745 502 1758 .
541 1746 547 1759 .
585 1749 591 1761 .
622 1749 624 1754 .
630 1745 1304 1760 ................
1339 1707 1377 1790 ld

256 1793 345 1862 Caput
363 1793 390 1847 I:
411 1793 453 1847 De
473 1796 695 1862 pronuntiatione
715 1794 873 1862 philosophi
896 1834 1303 1849 ..........
1343 1796 1377 1847 19

309 1884 368 1953 §L
398 1882 440 1936 De
460 1885 582 1951 corporis
601 1887 677 1937 motu
697 1888 779 1951 atque
798 1883 921 1952 gestibus
941 1923 1303 1937 .........
1343 1884 1377 1936 19

309 1973 367 2042 §a
397 1971 440 2025 De
458 1973 534 2026 vocis
552 1974 740 2026 modulatione
760 2013 1300 2028 .............
1343 1973 1375 2025 13

309 2062 325 2131 ξ
344 2061 368 2114 3.
396 2061 440 2114 De
455 2063 585 2130 temporis
599 2062 749 2115 intervallis
764 2079 834 2130 quae
848 2063 1028 2115 observantur
1039 2063 1066 2114 in
1082 2062 1305 2130 pronuntiatione

450 2153 497 2204 scl.
519 2151 602 2204 nimia
620 2152 814 2218 pronuntiandi
830 2151 981 2217 celeritate,
1000 2151 1152 2219 interrupta
1166 2151 1304 2217 tarditate,

450 2241 593 2293 moderata
602 2241 740 2306 tarditate,
753 2241 901 2293 secundum
912 2241 1057 2307 epistulam
1067 2240 1304 2308 quadragesimam
1343 2241 1375 2293 15

397 2330 432 2382 de
451 2329 516 2382 artis
535 2330 649 2382 vocibus
667 2329 948 2397 translationibusque
967 2329 1099 2396 digressio
1120 2368 1302 2382 .....

255 2415 346 2484 Caput
362 2417 407 2471 11:
426 2417 470 2470 De
490 2417 648 2487 philosophi
667 2419 792 2470 oratione
811 2417 871 2485 ipsa
894 2458 1302 2470 ..........
1341 2417 1375 2469 38

308 2508 367 2576 §L
396 2505 592 2575 Interpretatio
613 2508 746 2574 epistulae
765 2509 929 2560 centesimae
940 2547 1257 2561 ........
1282 2528 1302 2558 σ.
1341 2505 1375 2558 38

397 2595 469 2665 Quid
489 2594 594 2649 Seneca
612 2597 647 2649 de
666 2595 798 2649 Cicerone
818 2599 846 2648 et
864 2597 982 2664 antiquis
1003 2596 1159 2650 auctoribus
1171 2596 1303 2650 Romanis

450 2686 586 2739 censuerit
605 2686 774 2754 digressione
793 2687 940 2753 exponitur
985 2725 1302 2738 ........
1340 2685 1375 2737 64

398 2773 580 2842 Comparatur
592 2792 635 2843 ep.
648 2776 699 2828 100
709 2793 770 2828 cum
783 2775 874 2828 verbis
885 2793 901 2827 a
911 2773 1016 2829 Seneca
1025 2775 1136 2828 rhetore
1146 2776 1181 2828 de
1191 2773 1302 2842 Papirio

451 2865 572 2917 Fabiano
592 2866 671 2918 elatis
717 2903 1301 2919 ..............
1340 2863 1374 2914 76

308 2953 367 3022 §a
396 2951 593 3021 Interpretatio
612 2971 654 3020 ep.
671 2953 730 3019 115,
745 2953 822 3020 1-9,
837 2955 870 3006 18
895 2992 1300 3006 ..........
1339 2953 1374 3004 79

307 3042 366 3112 ξᾶ.
395 3041 591 3110 Interpretatio
611 3035 711 3111 eps75,
728 3042 795 3094 1-7
850 3081 1301 3096 ...........
1339 3042 1374 3094 89

308 3132 368 3201 §4-
396 3131 591 3199 interpretatio
612 3149 654 3200 ep.
669 3133 711 3198 59,
724 3133 795 3184 4-7
826 3183 827 3187 ,
850 3173 855 3183 .
894 3171 1300 3186 ..........
1339 3131 1373 3183 89

307 3221 367 3290 §d
396 3219 543 3275 Conclusio
580 3259 1300 3274 .................
1339 3220 1373 3271 94

254 3307 344 3376 Caput
361 3308 421 3362 HI:
440 3309 483 3362 De
503 3311 627 3363 oratione
646 3314 774 3377 corrupta
794 3310 905 3378 eiusque
925 3311 1013 3363 causis
1032 3311 1099 3378 quid
1115 3307 1219 3363 Seneca
1238 3326 1301 3362 een·

307 3399 391 3451 suerit
409 3399 527 3466 epistula
547 3400 598 3452 114
617 3398 795 3452 adumbratur
849 3438 1300 3453 ...........
1338 3398 1373 3450 98

200 3485 229 3540 C.
253 3485 398 3540 Conclusio
427 3488 629 3555 problematum
657 3488 840 3555 singulorum,
868 3505 938 3555 quae
962 3491 1139 3541 occurrerunt
1164 3488 1191 3539 in
1218 3487 1300 3539 inter·

253 3577 387 3645 pretando
402 3615 1298 3632 .....................
1320 3577 1373 3628 196

679 3867 891 3874 ——-...
