3498 5412
875 547 1071 605 -8-

387 727 422 782 ut
445 719 615 783 Merchant
644 721 863 802 quaestionem
894 719 934 782 ad
962 719 1057 784 finem
1086 720 1273 802 perduxerit
1301 732 1333 784 et
1358 721 1560 804 acquiescere

387 825 481 889 liceat
504 828 537 888 in
560 828 627 889 eius
648 825 762 907 verbis,
786 837 822 889 ut
839 829 1054 909 composuerit
1070 826 1292 890 tautummodo
1309 829 1398 891 locos
1415 830 1470 910 qui
1487 848 1560 891 cou-

386 931 512 995 ierendi
540 942 622 998 sunt.
672 931 746 996 Non
778 935 927 996 tractavit
961 954 1070 996 omnes
1103 934 1204 1015 locos,
1238 955 1317 1017 quos
1353 931 1479 998 Gerclre
1512 935 1561 997 vel

386 1037 519 1103 Norden
544 1041 576 1103 in
604 1038 735 1102 dubium
760 1049 971 1119 vocaverunt3
996 1039 1210 1122 quodcunque
1241 1039 1280 1103 de
1301 1042 1561 1122 pronuntiatione

387 1167 405 1208 a
430 1144 555 1211 Seneca
578 1148 757 1229 expositum
784 1155 840 1229 est,
864 1168 995 1229 prorsus
1019 1147 1086 1210 fere
1112 1149 1231 1224 omisit3
1257 1168 1320 1210 uon
1345 1155 1489 1211 versatus
1513 1158 1561 1211 est

384 1254 416 1315 in
435 1254 582 1334 singulis3
605 1273 667 1315 non
690 1255 884 1317 examinavit
899 1254 1002 1336 qualis
1020 1255 1215 1335 singulorum
1231 1255 1376 1317 locorum
1393 1263 1559 1317 contextus

386 1360 426 1421 sit
449 1361 481 1421 in
507 1359 650 1441 epistulis
674 1361 767 1442 ipsis;
798 1358 934 1442 denique
965 1360 1050 1442 quod
1080 1370 1189 1422 censet
1214 1357 1356 1424 Senecae
1383 1360 1559 1425 orationem

386 1487 404 1528 a
428 1465 575 1529 doctrina
599 1468 725 1548 prolata
749 1487 810 1530 uon
836 1475 1003 1548 tantopere
1022 1465 1192 1530 abhorrere
1210 1488 1304 1549 quam
1327 1469 1429 1549 accipi
1450 1468 1559 1549 soleat,

384 1593 496 1653 parum
522 1572 706 1654 diligentem
731 1594 803 1636 eum
828 1594 897 1636 esse
920 1573 1076 1637 indicavit
1099 1572 1266 1636 Lehnert¹

476 1693 572 1777 Quod
610 1699 726 1760 attinet
764 1696 805 1760 ad
843 1699 1050 1780 epistularum
1086 1706 1209 1761 textum
1242 1697 1394 1762 debemus
1427 1697 1558 1784 Henseo

385 1802 557 1866 editionem
579 1806 747 1886 egregiam,
773 1814 923 1868 accurato
946 1814 1103 1888 apparatu
1124 1807 1234 1868 critico
1253 1815 1398 1869 ornatam
1415 1803 1559 1889 (Lipsiae

387 1911 520 1995 1898)¹;
558 1920 687 1992 praeter
723 1932 794 1973 eum
828 1912 1031 1975 coutulerunt
1064 1911 1105 1974 ad
1139 1920 1317 1976 nostrarum
1353 1913 1558 1994 epistularum

336 2041 337 2044 ¹
384 2025 505 2081 textum
538 2016 770 2080 restituendum
806 2019 960 2082 nonnulla
992 2017 1145 2100 Bartsch,
1183 2018 1376 2100 Buecheler,
1413 2018 1559 2100 Madwig,

383 2123 458 2190 Joh.
478 2124 622 2205 Mueller,
646 2123 801 2214 Ribbeck,
825 2123 982 2188 Rossbach
1009 2126 1071 2188 alii.

471 2249 522 2312 De
562 2250 768 2332 epistularum
806 2250 986 2314 elocutione
1021 2250 1188 2332 dispersim
1222 2271 1325 2333 pauca
1360 2250 1446 2314 dicta
1478 2260 1559 2314 sunt,

382 2356 503 2420 Rerum
542 2364 649 2419 autem
689 2357 882 2438 singularum
922 2358 1143 2438 interpretatio
1182 2358 1306 2419 initium
1348 2359 1482 2438 sumpsit
1519 2357 1559 2421 ab

384 2462 528 2543 Erasmo,
552 2461 674 2545 Lipsio,
699 2460 874 2543 Grouorio,
900 2461 1109 2546 Schultingio.
1151 2463 1317 2526 Ernestiur
1339 2484 1467 2546 quoque
1484 2484 1558 2528 cou-

382 2570 455 2632 tulit
480 2568 604 2634 duobus
629 2570 660 2632 iu
686 2571 796 2634 lexicis
821 2572 885 2634 suis
912 2572 985 2653 (lex.
1005 2571 1109 2634 techn.
1129 2571 1208 2633 rhet.
1232 2569 1301 2636 Lat.
1321 2579 1352 2633 et
1375 2571 1434 2633 lex.
1455 2571 1558 2637 techn.

382 2675 460 2738 rhet.
479 2673 639 2760 Graecae)
665 2679 762 2741 etiam
787 2700 870 2741 nunc
894 2679 1069 2741 utilissimis
1095 2678 1270 2759 compluria
1296 2676 1337 2739 ad
1361 2679 1438 2741 artis
1462 2699 1557 2742 voces

382 2785 588 2865 pertinent-ia3
609 2786 637 2847 ei
654 2783 812 2848 debentur
828 2806 942 2866 magua
960 2794 1105 2867 exparte
1121 2783 1299 2866 Ruhkopfii
1315 2805 1437 2866 paucae
1454 2795 1557 2867 uotae,

382 2911 460 2972 quas
491 2911 587 2972 saepe
613 2889 654 2953 ad
679 2889 809 2953 verbum
835 2912 1000 2973 expressas
1026 2891 1159 2955 editioni
1184 2912 1259 2954 suae
1284 2891 1398 2976 (1797)
1424 2891 1557 2956 addidit.

382 2993 447 3060 Sed
470 2996 589 3059 accidit
609 3007 644 3059 ut
663 2999 866 3079 antiquorum
882 2999 1091 3080 interpretum
1108 3009 1255 3062 notarum
1272 3020 1346 3082 pars
1364 3019 1427 3061 non
1444 3001 1558 3080 exigua

382 3124 466 3165 nuuc
492 3101 620 3166 omnino
648 3125 709 3167 tlon
736 3095 843 3167 veniat
865 3107 897 3167 in
922 3125 1066 3187 censum,
1095 3127 1168 3168 cum
1192 3107 1238 3169 illi
1267 3115 1398 3189 proptor
1426 3125 1557 3186 pravam

380 3209 528 3273 codicum
546 3213 803 3274 aestimationem
821 3233 916 3293 saepe
936 3233 955 3274 a
971 3221 1059 3274 textu
1078 3222 1186 3276 nostro
1204 3208 1557 3294 discrepent.⁸—Quae

381 3339 452 3380 cum
475 3319 520 3379 ita
539 3319 603 3381 siut
619 3338 735 3400 operae
752 3320 890 3400 pretium
912 3321 952 3381 sit
969 3318 1115 3382 laborare
1131 3321 1162 3382 in
1181 3320 1325 3401 epistulis
1343 3317 1555 3400 explicandis:

380 3445 454 3486 nam
471 3432 519 3486 est
537 3445 599 3486 non
617 3424 718 3486 solum
736 3424 1012 3507 complectendum
1030 3435 1061 3487 et
1077 3424 1321 3504 emendandum,
1338 3445 1446 3488 verum
1457 3431 1558 3486 restat

379 3541 414 3593 ut
451 3530 659 3612 epistularum
697 3530 939 3614 dispositionem
979 3534 1274 3612 sententiarumque
1312 3530 1456 3594 ordinem
1494 3551 1557 3594 non

380 3658 509 3720 semper
526 3639 628 3719 primo
646 3648 778 3721 aspectu
794 3640 922 3720 planam
940 3660 1098 3719 eruamus,
1114 3647 1151 3701 ut
1161 3635 1304 3702 Senecae
1320 3637 1556 3718 technologiam

380 3742 528 3808 subtilem
553 3744 734 3828 diligentius
755 3748 1023 3828 introspiciamus,
1048 3754 1083 3808 ut
1099 3765 1321 3827 comparemus
1338 3765 1419 3827 quae
1436 3742 1556 3806 eisdem

379 3849 419 3912 de
444 3849 539 3916 rebus
567 3851 715 3915 dixerunt
736 3852 876 3915 eiusdem
900 3854 1013 3915 aetatis
1036 3855 1207 3934 scriptores
1231 3849 1340 3913 Latini
1358 3852 1411 3914 scl.
1433 3848 1557 3915 Seneca

470 4047 478 4077 ¹
498 4045 598 4098 Annal.
614 4045 736 4097 Bursian.
750 4044 902 4110 XXXVII,
919 4046 929 4096 l
947 4045 1047 4114 (1909),
1067 4063 1093 4113 p.
1108 4045 1168 4098 297.

469 4135 480 4165 ²
498 4133 566 4186 Eam
586 4135 715 4201 inspicias
734 4135 786 4186 hac
805 4134 832 4186 in
851 4135 1043 4187 dissertatione
1058 4135 1225 4203 perlegenda
1239 4138 1267 4187 et
1280 4134 1458 4186 fundamento
1472 4134 1556 4186 utaris

378 4223 417 4274 eir
437 4223 515 4288 locis,
536 4225 633 4291 quibus
654 4225 687 4276 de
707 4227 783 4276 textu
804 4224 872 4276 nihil
890 4224 990 4276 diserte
1011 4225 1182 4276 dictumest.

469 4313 479 4344 ⁸
497 4311 684 4379 Epistularum
704 4314 847 4365 conversio
870 4312 1137 4380 Germanica.quam
1157 4313 1289 4380 llorbiger
1309 4310 1457 4379 (Stuttgart
1476 4311 1556 4380 1866)

378 4402 484 4453 curavit
503 4400 625 4454 Haakhii
646 4402 872 4472 interpretatione
886 4401 1035 4471 (stuttgart
1051 4403 1130 4472 1851)
1151 4421 1213 4454 usus
1234 4407 1315 4468 atque
1334 4401 1557 4453 adnotationibus

378 4491 536 4556 exornavit,
561 4508 616 4543 non
635 4491 748 4559 indigna
767 4496 808 4544 ast
830 4509 900 4558 quae
924 4496 1164 4558 commemoretur3
1193 4492 1246 4544 erit
1270 4491 1348 4543 nobis
1372 4489 1557 4556 compluribus

377 4579 448 4630 locis
468 4580 661 4646 comparanda,
