3476 5418
785 569 1003 628 ,76-

305 740 346 804 ad
375 740 473 804 verba
503 744 568 804 sive
597 741 639 804 ad
667 764 718 805 res
748 745 890 806 continet
918 743 1051 826 aliquid:
1086 742 1174 806 dicht
1206 739 1401 820 vollstandig
1428 759 1482 819 ge-

305 847 432 928 diegeu,
467 849 560 912 aliter
592 851 624 912 in
655 871 703 932 ep.
727 855 839 932 115,2
869 851 979 913 <nihil
1007 850 1092 914 forte
1122 849 1199 914 nihil
1229 848 1412 927 solidum>‚
1442 845 1483 907 cf.

305 951 466 1019 Graecum
484 957 633 1039 στριφνὸς
650 957 795 1040 (Dionys.
813 957 888 1022 Hal.
906 957 947 1020 ad
965 957 1070 1023 Amm.
1087 957 1134 1037 ΙΙ,
1152 963 1180 1036 2,
1199 957 1285 1040 793).
1321 953 1483 1035 <plectu>

304 1062 413 1146 (ἁδρὰ)
444 1064 560 1143 oratio,
595 1065 762 1126 notissima
791 1064 993 1146 metaphora,
1027 1067 1175 1146 opposita
1204 1074 1253 1126 est
1276 1061 1395 1126 aridae.
1441 1058 1484 1122 Id

304 1171 429 1250 vitium,
459 1169 546 1252 quod
575 1179 639 1233 stat
667 1170 708 1234 ab
737 1172 840 1234 altera
867 1183 959 1253 parte
987 1181 1121 1236 vocatur
1149 1192 1168 1234 a
1197 1169 1303 1234 Plinio
1332 1169 1395 1253 (ep.
1418 1165 1483 1245 IX,

306 1280 356 1351 26,
375 1280 407 1357 5)
432 1278 645 1355 <nimium>;
671 1286 719 1340 est
742 1279 839 1359 igitur
862 1280 1054 1360 <plenum>
1077 1280 1160 1341 inter
1184 1276 1321 1341 solidum
1341 1285 1373 1339 et
1392 1273 1483 1338 exile.

303 1419 347 1428 -
376 1381 450 1446 Non
475 1384 615 1464 neglegit
643 1381 781 1464 Seneca,
816 1394 849 1446 ut
881 1395 929 1448 est
958 1387 1094 1467 scriptor
1127 1385 1181 1466 qui
1209 1385 1337 1447 veritati
1366 1380 1483 1459 studet,

304 1493 415 1570 paneis
441 1489 611 1554 ostendere
642 1490 757 1572 quibus
785 1491 929 1556 fontibus
954 1513 1029 1555 usus
1054 1493 1149 1554 sitin
1175 1490 1392 1572 descriptione
1417 1507 1483 1551 sua.

304 1595 395 1658 Dicit
418 1617 517 1660 <nou
542 1597 653 1661 dubito
678 1597 761 1662 tollo
785 1619 849 1662 ease
871 1598 995 1680 scriptu
1019 1597 1132 1677 elev,
1162 1599 1288 1680 saepius
1318 1595 1484 1676 coniuug't

304 1723 398 1765 <uon
425 1702 546 1783 dubito,
576 1725 638 1767 non
665 1704 797 1768 dubium
822 1715 878 1786 est,
905 1707 1078 1789 sequitur>
1103 1715 1184 1768 cum'
1199 1725 1264 1768 ace.
1282 1725 1308 1766 c.
1324 1701 1380 1767 inf.
1397 1702 1485 1764 velut

304 1831 352 1891 ep.
373 1813 443 1890 114,
464 1815 519 1890 11;
554 1814 604 1890 52,
625 1816 664 1874 15
683 1821 756 1892 ete,
789 1824 901 1876 contra
935 1811 1046 1880 dubito
1079 1820 1169 1893 trago
1198 1810 1375 1874 Bedenlreu
1411 1829 1483 1871 eum

304 1919 444 1999 <quin>
474 1939 522 1999 ep.
545 1922 596 1999 66,
619 1924 658 1982 51
691 1919 731 1984 of.
753 1917 858 2000 Opim,
882 1921 900 1981 l.
923 1919 991 2001 lp.
1014 1923 1063 1983 29.
1115 1918 1261 1982 <colcr>
1290 1921 1483 1997 scriptorum

302 2025 322 2086 i.
340 2045 365 2088 e.
390 2026 547 2106 generalis
573 2027 661 2088 notio
687 2035 719 2088 et
743 2028 865 2107 species
890 2028 1043 2089 orationis
1070 2025 1136 2088 Der
1157 2023 1237 2105 Tou,
1263 2023 1332 2088 Der
1353 2022 1484 2086 Kolorit

305 2130 362 2193 der
386 2130 559 2197 Schriften.

395 2235 557 2320 Quoniam
586 2237 663 2321 quid
693 2236 816 2303 Seneca
845 2239 885 2302 de
909 2239 1054 2302 Fabiano
1081 2241 1241 2302 censuerit
1268 2237 1484 2320 exposuimus,

190 2409 193 2415 ,
303 2352 404 2406 restat
432 2353 468 2406 ut
497 2343 635 2408 breviter
663 2347 909 2427 summatimque
938 2366 1159 2427 comparemus
1188 2365 1239 2425 ea,
1269 2363 1351 2426 quae
1381 2340 1413 2405 S.
1437 2341 1484 2404 rh.

303 2452 432 2532 scripsit
471 2451 584 2515 eodem
624 2451 663 2514 de
701 2455 778 2514 viro.
834 2451 941 2514 Ambo
978 2452 1167 2515 audiverunt
1199 2449 1380 2514 Fabianum
1413 2449 1484 2530 ipsi,

305 2555 399 2620 ambo
426 2557 558 2621 laudaut
581 2560 612 2620 in
640 2561 830 2639 universum,
860 2579 933 2621 nam
960 2559 1068 2622 rhetor
1092 2579 1218 2641 quoque
1243 2559 1388 2621 nominat
1412 2575 1484 2618 eum

304 2665 397 2727 initio
425 2664 649 2746 descriptionis
677 2687 753 2728 suae
777 2665 890 2729 <bene
915 2665 1188 2729 declamantem.
1234 2665 1351 2728 Filium
1377 2671 1483 2724 auteur

304 2793 343 2834 ex
377 2781 469 2852 patre
502 2771 643 2854 pendere
677 2773 727 2835 vel
760 2774 853 2836 oculo
883 2773 983 2835 veloci
1013 2773 1245 2854 praefationem
1278 2783 1378 2834 contr.
1402 2770 1422 2834 1.
1447 2767 1486 2830 ΙΙ

304 2881 506 2960 percurrenti
530 2879 639 2960 liquet.
679 2878 831 2942 Nostrum
858 2881 903 2942 eis
928 2881 1016 2960 loeis,
1040 2879 1154 2961 quibus
1179 2899 1241 2942 non
1260 2879 1362 2941 solum
1380 2895 1485 2954 sensu,

304 2984 360 3047 sed
386 2987 482 3047 etiam
507 2984 613 3049 verbis
631 2985 823 3067 quibusdam¹
840 3007 910 3048 eum
928 2996 1019 3069 patre
1036 2989 1202 3064 consentit,
1219 2988 1323 3067 ipsum
1340 2982 1484 3046 iudicare

303 3093 448 3173 potuisse
472 3091 557 3155 idem
583 3091 671 3174 quod
694 3102 827 3176 patrem,
852 3091 957 3156 verbis
980 3095 1046 3155 eius
1069 3113 1130 3155 non
1149 3094 1301 3175 respectis
1319 3111 1389 3154 eum
1409 3108 1485 3150 usus

304 3201 346 3261 sit
362 3198 509 3263 Fabiano
532 3203 694 3280 magistre,
716 3199 793 3261 mihi
814 3198 941 3282 quidem
963 3198 1150 3262 incredibile
1167 3199 1300 3262 ridetur.
1335 3197 1484 3261 Preiseu-

305 3305 395 3384 dauz,
421 3308 475 3387 qui
496 3305 553 3368 filii
576 3307 696 3388 scripta
713 3327 783 3368 cum
800 3308 900 3388 patris
918 3307 1053 3370 contulit
1070 3308 1258 3387 nuperrime,
1283 3324 1344 3367 non
1363 3305 1485 3385 primus

304 3411 359 3496 (cf.
376 3412 395 3476 l.
412 3413 430 3474 l.
449 3434 477 3494 p.
491 3417 529 3475 71
549 3411 621 3475 adn.
638 3413 692 3496 14)
712 3411 878 3493 indagavit
898 3432 1053 3475 conexum
1076 3414 1131 3494 qui
1148 3423 1196 3474 est
1211 3413 1295 3474 inter
1310 3411 1369 3474 hos
1387 3410 1485 3488 locos

302 3521 402 3582 immo
431 3521 578 3601 pervenit
607 3518 647 3580 ad
678 3519 814 3582 eundem
842 3517 937 3582 finem
967 3518 1092 3582 duobus
1120 3520 1199 3582 loeis
1226 3521 1311 3581 inter
1339 3538 1373 3579 se
1399 3536 1486 3578 com·

304 3628 426 3708 paratis
451 3627 516 3688 iam
539 3624 680 3688 Rolland
706 3626 738 3706 (l.
756 3627 774 3689 l.
792 3647 820 3706 p.
837 3626 936 3705 tulto
961 3627 1001 3688 of.
1021 3627 1115 3688 etiam
1134 3623 1258 3688 Schanz
1275 3645 1305 3706 p.
1321 3627 1395 3702 315,
1423 3623 1486 3697 „im

305 3732 532 3796 wesentliehen
550 3734 671 3794 stimmt
687 3733 753 3794 sein
770 3730 872 3795 Urteil
889 3734 947 3796 mit
964 3731 1034 3794 dem
1053 3731 1108 3794 des
1126 3729 1250 3796 Sohues
1266 3729 1409 3810 tiberem,
1427 3709 1488 3792 nur

304 3838 368 3902 dass
380 3860 415 3902 er
425 3838 768 3918 merkwiirdigerweise
781 3838 863 3900 noch
875 3838 925 3900 die
938 3837 1134 3901 Dunkelheit
1144 3839 1190 3900 als
1202 3835 1486 3900 oharalrteristisclr
1548 3825 1550 3828 ¹

304 3945 472 4029 anfiihrt“)
501 3965 540 4008 ae
568 3965 619 4007 res
648 3953 714 4007 tam
742 3945 914 4007 manifesta
942 3953 991 4007 est
1015 3955 1049 4006 ut
1071 3943 1230 4026 Lipsium,
1255 3941 1486 4024 Ruhkopfium,

304 4051 488 4133 Hoefigum,
512 4051 688 4114 Reuterum
710 4051 753 4133 (p.
772 4051 837 4133 34),
862 4053 914 4132 qui
936 4050 995 4114 hos
1013 4051 1062 4113 vel
1078 4052 1148 4114 illos
1166 4052 1254 4114 locos
1271 4051 1487 4126 contulerunt,

303 4159 390 4222 idem
408 4161 572 4222 censuisse
589 4179 776 4240 persuasum
798 4157 942 4236 habeam,
967 4159 1092 4220 etiamsi
1112 4177 1267 4221 conexum
1284 4157 1403 4220 diserte
1422 4175 1485 4218 non

304 4267 603 4349 pronuntiaverunt.
646 4263 764 4326 Verum
795 4284 875 4345 opus
900 4276 948 4326 est
971 4265 1032 4326 tria
1057 4263 1268 4344 considerare,
1297 4265 1486 4344 priusquam

305 4370 347 4435 ad
373 4370 569 4434 eonferenda
593 4369 692 4433 verba
717 4368 913 4432 accedimus:
939 4372 1073 4451 primum
1099 4370 1339 4433 diiudicandum
1361 4379 1418 4448 est,
1444 4366 1487 4430 ad

306 4500 402 4560 quam
427 4487 553 4560 partem
578 4475 757 4540 studiorum
774 4473 911 4539 Fabiani
931 4485 1075 4557 spectent
1091 4475 1187 4540 verba
1204 4478 1317 4558 patris:
1342 4475 1489 4538 Possunt

304 4587 418 4648 referri
443 4583 484 4648 ad
505 4584 710 4665 rhetoricam,
735 4583 967 4666 philosopham,
991 4583 1229 4664 neutramque.
1266 4581 1386 4662 'letigit
1401 4581 1488 4642 hanc
