3476 5418
710 533 929 590 ,77-

230 706 452 786 quaestionem
474 705 615 769 breviter
638 705 760 769 Reuter
784 708 816 790 (l.
833 726 859 771 e.
874 728 903 788 p.
922 707 992 790 34),
1021 716 1055 769 at
1083 727 1145 770 nen
1172 727 1251 789 opus
1277 716 1345 770 erat
1368 727 1408 769 ex

229 810 419 894 hyperboles
446 811 549 895 figura
577 812 747 877 immodice
776 817 807 877 in
838 813 1024 894 fragmentis
1048 823 1202 895 usurpata
1223 813 1407 876 verborum-

230 939 291 1001 que
330 919 399 982 lusu
437 941 475 982 ac
513 923 678 984 sententiis
718 921 909 986 concludere
942 919 1122 984 Fabianum
1160 923 1192 983 in
1229 920 1408 984 studiorum

229 1045 358 1088 suorum
375 1028 478 1109 prima
494 1036 594 1110 parte,
612 1049 681 1091 cum
693 1026 817 1092 Arellio
835 1027 940 1090 Fusco
958 1049 991 1091 se
1009 1029 1210 1110 applicasset,
1235 1026 1407 1090 facundiae

230 1142 400 1215 corruptae
424 1133 591 1216 studuisse,
616 1136 691 1217 quia
714 1155 773 1218 per
795 1156 829 1199 se
850 1145 994 1217 apertum
1013 1144 1061 1198 est
1077 1144 1109 1198 et
1125 1135 1283 1217 expressis
1300 1133 1407 1197 verbis

230 1239 360 1302 effertur
376 1239 490 1323 (contr.
501 1241 547 1323 lL
557 1263 603 1324 pr.
616 1247 663 1325 l):
681 1244 802 1306 <cuius
817 1241 871 1307 scl.
883 1241 979 1304 Fusci
995 1263 1094 1324 genus
1110 1241 1247 1305 dicendo
1263 1243 1406 1304 imitatus

230 1361 278 1408 est
301 1349 320 1409 i.
341 1368 366 1410 e.
387 1347 504 1430 (cultus
529 1351 622 1412 nimis
647 1349 839 1432 adquisitus,
865 1351 1055 1432 compositio
1084 1348 1210 1412 mollior
1229 1400 1235 1413 .
1256 1401 1263 1414 .
1283 1399 1289 1413 .
1309 1349 1408 1411 nimia

230 1453 360 1517 licentia
374 1476 456 1537 vaga
473 1466 505 1518 et
522 1455 622 1520 effusa
639 1509 645 1522 .
664 1506 670 1519 .
687 1507 693 1522 .
711 1459 813 1520 oratio
831 1509 837 1522 .
855 1509 861 1522 .
879 1506 885 1521 .
903 1457 1002 1538 magis
1019 1458 1140 1520 lasciva
1155 1477 1251 1538 quam
1268 1457 1407 1539 laeta)>‚
1431 1446 1435 1450 ¹

230 1559 385 1643 Spectant
409 1573 515 1626 autem
536 1563 635 1627 rerba
658 1585 739 1647 quae
762 1564 848 1647 apud
868 1561 900 1628 S.
916 1564 962 1626 rh.
982 1564 1116 1645 legimus
1138 1584 1200 1626 non
1221 1571 1344 1626 tantum
1366 1562 1407 1625 ad

229 1667 364 1731 Fabiani
387 1669 492 1733 studia
514 1669 682 1751 rhetorica,
706 1673 850 1753 quemvis
869 1669 1037 1753 probabile
1054 1691 1125 1734 esse
1141 1669 1288 1734 rideatur
1304 1672 1408 1752 prima

230 1776 438 1856 praefationis
464 1775 561 1840 verba
584 1778 714 1860 legenti,
742 1780 849 1861 potius
875 1776 1115 1858 distinguuntur
1138 1785 1317 1859 temporum
1348 1798 1407 1840 usu

230 1881 355 1945 diverso
372 1885 571 1965 apertissime
589 1884 653 1948 dno
670 1887 775 1967 spatia
791 1887 889 1949 vitae:
907 1883 979 1948 <ab
996 1884 1058 1948 boc
1075 1884 1131 1968 (sc.
1148 1883 1246 1947 Fusci
1262 1884 1407 1967 lascivia)

230 1991 292 2052 cito
311 2011 343 2052 se
360 1993 535 2072 separavit
551 2000 583 2055 et
602 1992 759 2055 luxuriam
776 1991 905 2074 quidem
923 2013 995 2055 enm
1012 1992 1113 2056 voluit
1129 1990 1247 2054 abiecit
1264 1989 1406 2054 obscuri-

230 2103 327 2158 tatem
357 2118 420 2160 non
449 2101 554 2180 potuit
582 2098 731 2178 evadere3
762 2099 842 2162 baec
870 2099 957 2162 illum
988 2119 1087 2180 nsque
1112 2100 1144 2161 in
1169 2097 1406 2180 philosophiam

230 2213 399 2284 prosecuta
428 2214 488 2286 est,
518 2227 613 2289 saepe
642 2208 744 2268 minus
775 2227 870 2288 quam
897 2205 1040 2268 audienti
1070 2215 1119 2269 sat
1148 2215 1217 2285 est,
1247 2207 1408 2286 eloquitur

229 2318 261 2372 et
284 2312 315 2373 in
341 2332 465 2374 summa
489 2314 556 2376 eius
578 2333 615 2376 ac
632 2312 867 2395 simplicissima
883 2313 1038 2376 facultate
1056 2312 1184 2375 dicendi
1202 2314 1407 2394 antiquorum

229 2427 335 2480 tamen
369 2428 535 2482 remanent
563 2421 709 2501 vestigia,
743 2419 902 2502 quaedam
936 2430 1001 2483 tam
1035 2420 1141 2483 subito
1172 2419 1406 2482 desinunt...

229 2523 381 2587 dicebat
397 2535 503 2588 autem
519 2525 555 2588 F.
572 2525 640 2588 fere
658 2525 766 2590 dulces
783 2529 957 2590 sententias
976 2575 981 2589 .
998 2576 1005 2590 .
1020 2578 1026 2592 .
1042 2525 1281 2607 inspirabat...
1296 2525 1407 2588 deerat

229 2679 282 2694 ...
301 2631 452 2698 aderat>.
494 2632 603 2697 Verba
623 2633 734 2696 <haec
752 2672 793 2680 -
810 2633 990 2697 desinunt>
1010 2634 1113 2696 solum
1134 2632 1176 2695 ad
1195 2631 1331 2696 Fabiani
1352 2632 1406 2695 de-

229 2738 436 2802 clamationes
471 2748 502 2802 et
534 2742 740 2804 recitationes
778 2741 987 2823 philosophas
1022 2739 1142 2802 referre
1176 2739 1406 2822 (Preisendanz

227 2845 247 2907 l.
264 2867 289 2908 c.
305 2867 336 2927 p.
349 2845 403 2929 71)
426 2867 490 2910 non
511 2847 605 2910 simul
624 2846 665 2908 ad
682 2850 800 2930 scripte
819 2846 858 2911 de
874 2847 970 2910 rebus
986 2846 1210 2930 philosophiae
1227 2848 1406 2929 composita

230 2973 288 3034 ego
305 2952 433 3035 quidem
451 2953 544 3016 valde
560 2952 672 3018 dubito
689 2955 728 3018 cf.
739 2953 845 3018 Zeller
859 2952 991 3038 (Gesch.
1002 2954 1031 3020 d.
1043 2954 1163 3018 Philos.
1175 2953 1204 3019 d.
1216 2951 1365 3030 Grani,
1379 2959 1406 3034 l,

227 3080 257 3141 p.
276 3064 337 3122 677
357 3060 429 3123 adn.
447 3061 489 3145 3).
530 3057 626 3142 Quod
647 3063 761 3124 attinet
781 3060 821 3123 ad
842 3061 1025 3143 philosophi
1041 3061 1194 3124 iudicium
1212 3063 1265 3124 vix
1281 3059 1407 3124 dubitet

229 3168 411 3248 quisquam,
444 3170 519 3249 quin
554 3171 672 3248 cogitet
707 3167 747 3231 de
780 3166 925 3232 Fabiano
954 3169 1218 3250 philosophante:
1252 3168 1406 3250 pleraque

229 3293 338 3340 eorum
367 3295 449 3356 qnae
478 3277 609 3357 exponit
637 3277 774 3356 pertinet
803 3274 844 3338 ad
873 3274 972 3338 libros
1001 3275 1073 3338 illos
1103 3297 1123 3338 a
1146 3274 1272 3338 Lucilio
1297 3276 1406 3356 lectos,

230 3381 382 3444 nonnulla
405 3381 445 3444 ad
470 3384 674 3444 recitationes
698 3381 752 3466 (cf.
773 3403 821 3463 ep.
841 3387 912 3461 100,
930 3386 958 3463 3,
978 3387 1031 3460 12;
1055 3383 1196 3464 40,1a);
1226 3381 1340 3464 quibus
1366 3381 1406 3444 de

229 3489 332 3550 causis
349 3487 490 3551 Rolland
508 3509 570 3552 non
587 3510 716 3571 prorsus
734 3499 913 3570 estractus,
939 3511 1009 3552 cum
1033 3488 1112 3551 dicit
1132 3500 1255 3572 pat-rem
1274 3488 1406 3551 laudare

229 3605 397 3676 oratorem,
420 3593 519 3658 filium
545 3597 741 3678 scriptorem.
781 3595 909 3658 Deinde
925 3596 1106 3677 reputanda
1123 3606 1173 3658 est
1195 3596 1285 3677 fides,
1310 3617 1405 3680 qnam

229 3700 346 3764 babere
362 3703 437 3764 licet
453 3701 580 3765 iudiciis
596 3704 683 3765 latis:
710 3703 871 3766 rhetorem
888 3723 956 3766 esse
975 3711 1137 3765 auctorem
1156 3724 1294 3785 aequum
1312 3723 1405 3767 nemo

229 3818 329 3888 neget,
354 3807 547 3890 philosopho
572 3819 684 3872 contra
707 3808 793 3872 baud
819 3811 885 3872 scio
911 3830 950 3872 an
975 3811 1006 3872 in
1030 3809 1177 3872 omnibus
1200 3809 1294 3873 rebus
1310 3810 1406 3892 plena

228 3922 259 3976 et
282 3916 408 3996 integra
430 3914 509 3978 fides
533 3914 643 3979 haberi
668 3937 730 3979 non
756 3918 866 3998 possit,
891 3937 961 3979 cum
987 3915 1142 3984 defendat
1162 3928 1405 3999 praeceptorem

226 4023 392 4104 permagni
420 4025 631 4085 aestimatum.
679 4020 825 4085 Alteram
855 4044 984 4086 causam
1014 4045 1109 4105 quam
1139 4022 1259 4104 Hoefig
1287 4023 1330 4106 (p.
1349 4024 1405 4107 39)

227 4135 259 4190 et
288 4128 434 4191 similiter
456 4128 578 4191 Reater
601 4129 708 4192 affert:
742 4131 950 4211 <elegantiae
975 4129 1096 4193 arbiter
1120 4140 1189 4192 erat
1214 4151 1275 4194 non
1300 4132 1404 4192 incor-
1441 4199 1444 4205 ,

227 4245 340 4315 ruptus
365 4236 418 4297 sol.
438 4244 577 4299 noster>
602 4257 663 4299 non
688 4237 794 4300 valere
818 4238 881 4299 iarn
907 4259 936 4319 p.
954 4241 1048 4320 susq.
1069 4239 1241 4319 perstrinxi
1266 4246 1298 4299 et
1320 4236 1405 4299 infra

228 4343 324 4403 etiam
348 4340 504 4407 refutabo.
552 4340 648 4424 Quod
669 4344 783 4406 attinet
808 4321 859 4406 ad
875 4343 990 4406 Lucilii
1015 4344 1178 4422 iudicium,
1203 4364 1265 4425 quo
1291 4343 1406 4406 effecta·

223 4458 276 4509 est
293 4468 341 4529 ep.
355 4453 425 4528 100,
442 4448 527 4512 facia
545 4470 616 4512 cnm
633 4448 771 4531 Hoefigo
788 4451 830 4532 (p.
843 4451 914 4534 37):
939 4450 1132 4531 <iudicium
1151 4453 1243 4513 nimis
1260 4471 1405 4512 severum

226 4554 326 4616 fuisse
360 4554 550 4618 arbitramur
583 4558 642 4618 etsi
676 4555 819 4619 nonnihil
851 4557 1059 4620 confirmatur
1087 4579 1105 4620 a
1134 4556 1334 4640 Quintiliano
1364 4556 1404 4619 de
