3498 5412
717 565 847 624 ..41
896 600 937 608 --

241 759 376 820 magnus
394 739 515 801 clamor
530 738 738 819 laudantium,
756 738 813 802 sed
829 748 924 821 quam
937 761 1042 803 rerum
1053 739 1239 820 magnitudo
1251 739 1415 820 evocabat,

242 866 304 909 non
331 865 427 908 sonus
451 845 627 909 inoffensae
652 868 690 908 ac
713 846 851 909 molliter
875 848 1029 910 orationis
1054 847 1221 929 elapsae>.
1263 846 1414 911 Elocutio

242 961 351 1015 nostra
373 953 405 1014 in
432 953 568 1034 epistula
591 954 699 1016 multis
724 951 827 1016 verbis
853 953 1014 1036 descripta
1037 956 1179 1035 tangitur
1197 956 1367 1036 perpaucis
1382 956 1414 1016 in

241 1080 289 1140 ep.
308 1063 358 1140 58,
376 1065 394 1123 6
420 1059 486 1124 <R
512 1058 664 1123 disertum
686 1068 718 1123 et
734 1061 912 1141 elegantem
929 1063 1082 1125 orationis
1100 1060 1254 1124 etiamad
1272 1071 1413 1125 nostrum

239 1164 406 1229 fastidium
424 1165 584 1232 nitidae>.
619 1166 698 1231 Cum
717 1166 765 1230 his
781 1168 861 1230 locis
879 1168 1074 1232 conferenda
1090 1178 1164 1231 sunt
1175 1167 1299 1233 Seneca
1314 1171 1414 1250 patris

241 1275 374 1354 copiosa
397 1273 494 1336 verba
516 1273 555 1337 de
572 1273 708 1337 Fabiani
726 1273 853 1337 dicendi
869 1296 985 1356 genere
1001 1276 1032 1338 in
1051 1284 1150 1341 contr.
1167 1276 1185 1338 l.
1202 1275 1249 1355 ΙΙ,
1264 1296 1311 1357 pr.
1330 1279 1414 1346 1-,3

241 1379 333 1444 elata.
368 1418 409 1426 -
444 1378 579 1463 Scripsit
611 1381 755 1445 Lucilius
784 1384 887 1445 amico
918 1404 951 1445 se
978 1383 1150 1464 perlegisse
1173 1382 1310 1445 Fabiani
1335 1403 1414 1464 opus

241 1486 326 1568 quod
341 1486 526 1551 inscribitur
543 1487 690 1552 civilium
706 1489 760 1554 sel.
771 1510 885 1552 rerum.
910 1488 1034 1573 Quibus
1047 1488 1414 1553 derebusfueritsermo

241 1591 289 1656 his
306 1595 338 1655 in
355 1592 443 1657 libris
461 1615 594 1676 quorum
613 1596 723 1658 titulus
742 1597 827 1659 nullo
845 1597 907 1660 alio
925 1598 996 1660 loco
1010 1599 1126 1660 citatur
1137 1595 1244 1660 evadit
1254 1597 1363 1678 paucis
1376 1617 1415 1658 ex

239 1699 343 1763 verbis
363 1701 449 1764 infra
471 1701 503 1786 (ξ
523 1704 576 1786 10)
602 1703 716 1783 allatis,
742 1701 856 1785 quibus
877 1705 1077 1790 vituperatur
1097 1725 1115 1766 a
1135 1703 1261 1766 Lucilio
1279 1701 1415 1765 Fabiani

239 1806 399 1870 scribendi
416 1830 530 1890 genus:
553 1809 674 1890 Egerat
690 1808 899 1892 philosophus
915 1809 1063 1891 devitiis,
1081 1810 1264 1892 ambitione,
1281 1810 1415 1889 luxuria,

238 1912 380 1993 libidine,
397 1917 595 1997 impotentia,
612 1917 771 1998 periculis,
788 1917 926 1980 fortuna.
953 1914 1108 1999 Spectant
1123 1917 1204 1999 haec
1220 1917 1260 1979 ad
1279 1916 1415 1979 Fabiani

238 2020 474 2103 philosophiam
501 2021 770 2086 declamatoriam.
816 2023 901 2086 Num
926 2033 1029 2086 totum
1051 2046 1130 2106 opus
1150 2024 1199 2087 his
1215 2023 1310 2086 rebus
1329 2044 1414 2087 com-

238 2127 359 2208 pletum
376 2128 473 2191 fuerit
490 2139 521 2192 et
538 2128 699 2212 quomodo
716 2129 868 2193 librorum
880 2133 1015 2194 materia
1026 2131 1310 2195 cohaerueritcum
1321 2131 1413 2193 titulo

239 2233 279 2296 de
296 2255 361 2316 quo
378 2257 397 2298 a
413 2233 525 2318 Lipsio
544 2237 663 2320 (αἰτιῶν
679 2239 847 2320 φυσικῶν),
858 2237 1055 2320 Ruhkophio
1067 2237 1186 2313 (civilia
1196 2268 1239 2291 =
1249 2238 1425 2321 πολιτικά),

238 2340 376 2423 Hoefigo
399 2343 417 2407 l.
434 2343 453 2406 l.
470 2365 499 2425 p.
517 2348 567 2424 38,
591 2343 623 2408 J.
640 2343 812 2407 Bartschio
833 2344 925 2428 (mus.
942 2345 1029 2410 rhen.
1047 2349 1088 2406 24
1104 2345 1217 2428 (1869)
1232 2366 1262 2427 ρ.
1275 2344 1414 2424 276177)

239 2446 371 2512 Mewiso
388 2449 406 2513 l.
425 2471 450 2514 o.
466 2470 496 2531 p.
514 2449 615 2521 salto
639 2452 740 2514 multa
756 2452 911 2514 inutiliter
927 2451 1091 2533 disputata
1107 2464 1188 2532 sunt,
1206 2473 1224 2514 a
1241 2450 1332 2515 nobis
1351 2473 1412 2514 uon

237 2555 303 2618 iam
326 2558 394 2618 erui
417 2566 533 2639 potest.
580 2557 651 2640 Ego
676 2558 806 2640 quidem
830 2559 1092 2621 verisimillimum
1117 2558 1199 2621 duco
1222 2558 1276 2642 (cl.
1296 2558 1414 2638 Baebi,

237 2659 276 2726 R.
294 2661 331 2726 L.
347 2661 413 2743 ΙΙΙ,
430 2685 460 2744 p.
477 2668 517 2726 87
536 2664 608 2730 adn.
628 2670 677 2746 12,
690 2665 788 2750 1870)
806 2687 868 2728 nou
881 2667 981 2728 solum
994 2687 1064 2728 eam
1075 2679 1198 2748 partem
1210 2664 1363 2728 librorum
1375 2664 1414 2728 de

238 2790 301 2851 qua
321 2791 338 2832 a
358 2768 481 2834 Seneca
499 2771 683 2852 edocemur,
707 2793 815 2834 verum
838 2774 933 2835 etiam
956 2781 1058 2835 totum
1080 2793 1159 2854 opus
1176 2773 1284 2854 generi
1305 2772 1431 2852 diatris

237 2875 349 2939 barum
375 2877 415 2940 de
440 2877 555 2959 quibus
580 2878 619 2943 cf.
644 2877 775 2942 Norden
801 2879 819 2944 l.
844 2880 863 2943 l.
887 2901 917 2961 p.
936 2883 1058 2953 laalao
1082 2878 1307 2942 ascribendum
1336 2900 1414 2941 esse.

237 2980 392 3046 Servatae
417 2995 491 3047 suut
515 2985 698 3049 huiusmodi
722 2987 937 3068 expositiones
958 2985 1206 3050 declamatoriae
1227 2996 1282 3049 aut
1303 2985 1414 3048 adum-

236 3089 349 3154 bratae
370 3101 426 3154 ant
447 3093 624 3175 explicatae
646 3114 666 3155 a
687 3090 811 3158 Seneca
832 3103 923 3176 patre
943 3094 1014 3156 aliis
1034 3094 1074 3158 cf.
1091 3092 1224 3156 Norden
1241 3093 1259 3157 l.
1274 3094 1293 3157 l.
1309 3115 1338 3175 p.
1351 3097 1414 3155 250

236 3197 345 3264 adn.2
371 3207 403 3262 et
426 3222 456 3282 p.
473 3203 636 3266 275-77.
683 3199 793 3263 Veluti
823 3199 913 3264 nobis
942 3199 1115 3283 praebetur
1142 3209 1253 3282 gustus
1281 3198 1413 3263 Fabiani

236 3304 360 3369 ardoris
384 3308 417 3368 in
442 3316 542 3370 contr.
555 3308 574 3372 1.
587 3306 633 3389 11,
649 3313 675 3388 1,
691 3311 830 3388 10—13‚
853 3306 907 3371 ubi
928 3311 995 3370 eius
1012 3307 1111 3370 verba
1127 3316 1239 3370 contra
1255 3307 1413 3370 luxuriam

235 3412 323 3474 lacta
352 3413 512 3494 leguntur,
544 3415 576 3476 in
609 3435 691 3479 suas.
718 3419 780 3495 1,a
815 3436 879 3496 quo
912 3415 983 3478 loco
1012 3414 1052 3477 de
1082 3415 1234 3476 varietate
1263 3413 1412 3477 fortunae

236 3539 340 3582 sermo
366 3530 426 3600 est,
456 3520 618 3600 eontr.II‚
637 3527 720 3603 pel
750 3524 929 3604 <quotiens
957 3518 1114 3585 inciderat
1143 3520 1251 3601 aliqua
1278 3521 1413 3582 materia

236 3647 318 3708 qnae
348 3623 526 3691 convicium
556 3629 674 3690 saeculi
698 3630 856 3711 reciperet
879 3625 1056 3710 inspirabat
1080 3626 1271 3710 (Fabianus)
1296 3647 1412 3708 magno

236 3782 242 3795 .
264 3783 269 3797 .
292 3783 299 3796 .
320 3735 459 3797 animo>
488 3733 527 3800 cf.
544 3755 589 3817 pr.
608 3739 641 3810 33
670 3755 767 3818 porro
796 3737 925 3799 nomino
950 3733 1128 3798 Labienum
1158 3735 1212 3815 qui
1238 3734 1352 3817 (contr.
1368 3733 1412 3814 X,

235 3843 264 3921 4,
284 3842 386 3925 llsq.)
415 3840 633 3905 insectabatur
662 3842 780 3905 saeculi
810 3844 886 3905 vitia
915 3851 948 3905 et
970 3841 1145 3904 Latronem
1174 3843 1228 3923 qui
1255 3841 1368 3924 (contr.
1385 3840 1412 3922 Ι,

234 3969 280 4029 pr.
299 3950 355 4030 23)
384 3947 541 4013 <solebat
560 3999 566 4012 .
587 4001 592 4015 .
613 4001 620 4015 .
640 3951 747 4032 aliquo
776 3948 828 4012 die
857 3950 933 4012 nihil
962 3958 1091 4031 praeter
1115 3949 1173 4011 has
1198 3948 1412 4011 translaticias

236 4076 315 4135 quas
348 4059 478 4138 proprie
510 4059 683 4120 sententias
712 4057 847 4120 dicimus
877 4077 958 4138 quae
988 4056 1066 4118 nihil
1093 4054 1214 4119 habent
1242 4076 1313 4118 cum
1341 4056 1413 4136 ipsa

236 4165 454 4226 controversia
478 4164 676 4246 implicitum,
705 4163 761 4226 sed
786 4165 863 4226 satis
892 4172 1002 4244 aperte
1031 4171 1063 4225 et
1088 4163 1151 4224 alio
1176 4161 1413 4224 transferuntur

235 4277 399 4351 tamquam
424 4292 506 4353 quae
529 4269 570 4332 de
594 4270 724 4334 fortuna
749 4270 787 4333 de
812 4269 1002 4333 crudelitate
1024 4268 1063 4332 de
1085 4269 1213 4332 saeculo
1235 4268 1274 4330 do
1292 4267 1411 4330 divitiis

235 4375 424 4442 dicuntur>.
468 4375 606 4458 Collegit
624 4376 764 4440 Rolland
784 4378 816 4461 (l.
833 4378 851 4442 l.
868 4399 897 4459 p.
916 4379 1060 4460 32-46)
1077 4397 1227 4457 magnum
1245 4396 1410 4437 numerum

234 4481 417 4546 huiusmodi
442 4487 656 4548 communium
682 4485 832 4564 locorum,
857 4485 911 4566 qui
931 4504 1046 4565 magno
1066 4481 1173 4546 studio
1193 4484 1225 4545 in
1247 4481 1409 4545 rhetorum

235 4589 352 4654 scholis
378 4592 455 4654 culti
480 4593 576 4654 etiam
600 4590 685 4674 apud
708 4601 850 4654 nostrum
871 4591 1031 4672 leguntur;
1056 4599 1197 4652 attamen
1220 4587 1410 4652 crediderim
